seen_count,alsa,pick_count,ata,game_count,win_rate,sideboard_game_count,sideboard_win_rate,opening_hand_game_count,oh wr,drawn_game_count,drawn_win_rate,ever_drawn_game_count,gd wr,never_drawn_game_count,never_drawn_win_rate,iwd,name,color,rarity,url,url_back,expansion,id,types
28159,6.5981036,3868,9.2988625,6419,0.53590902,0,,805,0.54658385,1321,0.51476154,2038,0.52993131,2630,0.55171103,-0.021779719999999947,Allied Assault,W,uncommon,https://c1.scryfall.com/file/scryfall-cards/border_crop/front/3/4/340df0d4-9848-4372-9f45-a73a8e94058a.jpg?1604195342,,ZNR,73183,Instant
1129,1.5447298,710,1.5,3007,0.54938477,0,,332,0.56927711,661,0.58396369,893,0.58790594,1265,0.52094862,0.06695731999999999,Angel of Destiny,W,mythic,https://c1.scryfall.com/file/scryfall-cards/border_crop/front/9/8/9897074a-0ac4-4d1a-9aac-e77830cc5c78.jpg?1604195368,,ZNR,73184,Creature - Angel Cleric
74747,6.1002181,10550,8.6123223,27054,0.5356694,0,,4379,0.51678465,6680,0.5244012,9708,0.526267,10589,0.54396071,-0.017693709999999974,Angelheart Protector,W,common,https://c1.scryfall.com/file/scryfall-cards/border_crop/front/c/0/c06cc03f-da73-4ba5-96c9-618b497a7ea3.jpg?1604195388,,ZNR,73185,Creature - Human Cleric
4402,3.0885961,869,3.7560414,2621,0.51583365,0,,314,0.48089172,499,0.53907816,759,0.51119895,1059,0.503305,0.007893950000000038,Archon of Emeria,W,rare,https://c1.scryfall.com/file/scryfall-cards/border_crop/front/2/2/228c1650-da3c-4099-91b6-18e3873c9cdb.jpg?1604195419,,ZNR,73186,Creature - Archon
3598,2.4974986,1237,2.7671787,5170,0.55203095,0,,729,0.61591221,1084,0.56088561,1755,0.58575499,2238,0.54244861,0.04330637999999998,Archpriest of Iona,W,rare,https://c1.scryfall.com/file/scryfall-cards/border_crop/front/f/7/f7dc61e4-46e3-473b-90f8-27e71e1088e8.jpg?1604195451,,ZNR,73187,Creature - Human Cleric
13781,3.1327915,4418,3.4495247,16203,0.5434796,0,,2527,0.56865849,4181,0.57498206,5822,0.57214016,6428,0.52100187,0.05113829000000003,Attended Healer,W,uncommon,https://c1.scryfall.com/file/scryfall-cards/border_crop/front/6/c/6ca80b5a-3943-41ca-8cd1-8e3db1b2a1c8.jpg?1604195482,,ZNR,73188,Creature - Kor Cleric
20271,4.6408663,2770,6.3516245,7434,0.51627657,0,,868,0.46428571,1295,0.49498069,2036,0.48280943,2623,0.53221502,-0.04940559,Canyon Jerboa,W,uncommon,https://c1.scryfall.com/file/scryfall-cards/border_crop/front/2/6/26b3938e-ebd7-4668-be3a-422c02ff5b08.jpg?1604195520,,ZNR,73189,Creature - Mouse
20271,4.6408663,2770,6.3516245,7434,0.51627657,0,,868,0.46428571,1295,0.49498069,2036,0.48280943,2623,0.53221502,-0.04940559,Canyon Jerboa,W,uncommon,https://c1.scryfall.com/file/scryfall-cards/border_crop/front/2/6/26b3938e-ebd7-4668-be3a-422c02ff5b08.jpg?1604195520,,ZNR,74658,Creature - Mouse
77011,6.4472478,11991,8.9805688,31137,0.54687349,0,,5891,0.56459005,8505,0.52169312,12427,0.54365494,12507,0.55608859,-0.012433649999999963,Cliffhaven Sell-Sword,W,common,https://c1.scryfall.com/file/scryfall-cards/border_crop/front/7/f/7f334767-4353-4379-a934-fa67075db439.jpg?1604195546,,ZNR,73190,Creature - Kor Warrior
84136,7.6286251,9514,11.052344,8958,0.52288457,0,,1023,0.49462366,1693,0.51624335,2631,0.51349297,3687,0.53702197,-0.02352899999999991,Dauntless Unity,W,common,https://c1.scryfall.com/file/scryfall-cards/border_crop/front/b/1/b12a4d17-68e6-4133-99fd-e501e24e6c6b.jpg?1604195576,,ZNR,73191,Instant
86693,8.7539478,8564,12.712868,921,0.4723127,0,,86,0.38372093,170,0.42352941,250,0.412,377,0.48806366,-0.07606366000000003,Disenchant,W,common,https://c1.scryfall.com/file/scryfall-cards/border_crop/front/5/c/5c37ba56-e22c-4b10-821a-2827c5cd81ad.jpg?1604195611,,ZNR,73192,Instant
13891,3.0415377,4475,3.4748603,18074,0.54531371,0,,2711,0.54518628,4590,0.5577342,6333,0.5542397,7522,0.54453603,0.009703670000000053,Emeria Captain,W,uncommon,https://c1.scryfall.com/file/scryfall-cards/border_crop/front/6/4/6490370e-fff5-4f17-b715-74ff8df5bc7c.jpg?1604195642,,ZNR,73193,Creature - Angel Warrior
1167,1.5724079,746,1.5093834,3127,0.53885513,0,,425,0.55058824,671,0.60804769,994,0.57847082,1319,0.50113723,0.07733359000000006,Emeria's Call,W,mythic,https://c1.scryfall.com/file/scryfall-cards/border_crop/front/c/4/c470539a-9cc7-4175-8f7c-c982b6072b6d.jpg?1604195709,https://c1.scryfall.com/file/scryfall-cards/border_crop/back/c/4/c470539a-9cc7-4175-8f7c-c982b6072b6d.jpg?1604195709,ZNR,73194,Sorcery
66161,5.1171083,11522,6.9384655,35023,0.54429946,0,,6722,0.56173758,10407,0.54434515,13778,0.55428945,12274,0.53658139,0.017708059999999914,Expedition Healer,W,common,https://c1.scryfall.com/file/scryfall-cards/border_crop/front/1/1/11a00a88-de0e-4012-9ad8-ccb187dff7df.jpg?1604195734,,ZNR,73196,Creature - Kor Cleric
76119,6.2406758,10625,8.8819765,25931,0.5435579,0,,4238,0.5512034,6586,0.5285454,9318,0.54067396,10465,0.54878165,-0.00810769,Farsight Adept,W,common,https://c1.scryfall.com/file/scryfall-cards/border_crop/front/5/9/5949bb9a-b4e8-4992-a12d-8e31953aff0d.jpg?1604195753,,ZNR,73197,Creature - Kor Wizard
11499,2.7113662,4040,2.9613861,16855,0.5494512,0,,2647,0.64676993,3984,0.55220884,5828,0.58922443,6802,0.52322846,0.06599597000000001,Fearless Fledgling,W,uncommon,https://c1.scryfall.com/file/scryfall-cards/border_crop/front/0/2/02d73eb7-4e76-48d4-90fa-fa972dc0fccb.jpg?1604195796,,ZNR,73198,Creature - Griffin
11499,2.7113662,4040,2.9613861,16855,0.5494512,0,,2647,0.64676993,3984,0.55220884,5828,0.58922443,6802,0.52322846,0.06599597000000001,Fearless Fledgling,W,uncommon,https://c1.scryfall.com/file/scryfall-cards/border_crop/front/0/2/02d73eb7-4e76-48d4-90fa-fa972dc0fccb.jpg?1604195796,,ZNR,74659,Creature - Griffin
1959,1.2394079,1589,1.217747,8271,0.55071938,0,,1081,0.61054579,1656,0.6147343,2705,0.61182994,3616,0.5107854,0.10104454000000007,Felidar Retreat,W,rare,https://c1.scryfall.com/file/scryfall-cards/border_crop/front/4/5/45340647-4d3e-4be1-b0e6-e40cc56a438b.jpg?1604195832,,ZNR,73199,Enchantment
1959,1.2394079,1589,1.217747,8271,0.55071938,0,,1081,0.61054579,1656,0.6147343,2705,0.61182994,3616,0.5107854,0.10104454000000007,Felidar Retreat,W,rare,https://c1.scryfall.com/file/scryfall-cards/border_crop/front/4/5/45340647-4d3e-4be1-b0e6-e40cc56a438b.jpg?1604195832,,ZNR,74660,Enchantment
11275,2.5647894,4133,2.8301476,17572,0.54609606,0,,2379,0.54350567,4007,0.57100075,5973,0.56119203,7317,0.53970206,0.02148996999999997,Journey to Oblivion,W,uncommon,https://c1.scryfall.com/file/scryfall-cards/border_crop/front/4/7/47120e3c-73aa-468d-96b7-47aead342e31.jpg?1604195865,,ZNR,73200,Enchantment
78157,6.5485625,11170,9.2413608,26929,0.54346615,0,,4012,0.53489531,6784,0.54775943,9687,0.54836379,11095,0.55394322,-0.005579429999999941,Kabira Outrider,W,common,https://c1.scryfall.com/file/scryfall-cards/border_crop/front/5/3/53c81719-f820-4674-9cfb-cd5eaf0c1f0d.jpg?1604195914,,ZNR,73201,Creature - Human Warrior
17540,3.3017674,5500,3.8856364,24321,0.54981292,0,,3551,0.56434807,5280,0.57253788,8079,0.56900607,10033,0.5429084,0.026097670000000073,Kabira Takedown,W,uncommon,https://c1.scryfall.com/file/scryfall-cards/border_crop/front/3/6/366e9845-019d-47cc-adb8-8fbbaad35b6d.jpg?1604195985,https://c1.scryfall.com/file/scryfall-cards/border_crop/back/3/6/366e9845-019d-47cc-adb8-8fbbaad35b6d.jpg?1604195985,ZNR,73202,Instant
21227,4.6225091,3617,6.3021841,12759,0.54291089,0,,1763,0.57231991,2725,0.52587156,4207,0.54504397,5263,0.55310659,-0.00806261999999991,Kitesail Cleric,W,uncommon,https://c1.scryfall.com/file/scryfall-cards/border_crop/front/1/6/16626f84-00d3-4ec9-b62c-19fff380cd3a.jpg?1604195997,,ZNR,73204,Creature - Kor Cleric
19372,4.3179331,3792,5.3958333,12111,0.55049129,0,,2099,0.59742735,2673,0.54657688,4316,0.57066728,5111,0.54118568,0.029481599999999997,Kor Blademaster,W,uncommon,https://c1.scryfall.com/file/scryfall-cards/border_crop/front/f/c/fc6d6049-5599-47eb-ae58-a8eb96927ece.jpg?1604192436,,ZNR,73205,Creature - Kor Warrior
59338,4.765833,12746,5.9779539,34335,0.5416339,0,,7426,0.55723135,11831,0.55515172,14662,0.55667712,11630,0.52424764,0.03242948000000001,Kor Celebrant,W,common,https://c1.scryfall.com/file/scryfall-cards/border_crop/front/8/7/87c37e46-a961-4739-8893-f783013e2be6.jpg?1604192472,,ZNR,73206,Creature - Kor Cleric
3086,2.0693454,1400,2.1185714,6125,0.5397551,0,,756,0.5489418,1330,0.54586466,1917,0.54877413,2711,0.53965326,0.009120869999999948,Legion Angel,W,rare,https://c1.scryfall.com/file/scryfall-cards/border_crop/front/b/d/bda5609a-ab22-4f03-988b-8056c97fdc9e.jpg?1604192509,,ZNR,73207,Creature - Angel Warrior
2163,1.4558484,1481,1.4166104,7747,0.58409707,0,,1076,0.74349442,1676,0.62470167,2601,0.67204921,3355,0.51505216,0.15699704999999997,Luminarch Aspirant,W,rare,https://c1.scryfall.com/file/scryfall-cards/border_crop/front/f/e/fe964e7e-e2c5-4263-889d-0a531eb51442.jpg?1604192525,,ZNR,73208,Creature - Human Cleric
81912,7.3653189,8617,10.924916,8004,0.5089955,0,,942,0.51380042,1721,0.49622313,2392,0.50250836,3165,0.5093207,-0.006812339999999972,Makindi Ox,W,common,https://c1.scryfall.com/file/scryfall-cards/border_crop/front/f/d/fd0d164a-bce2-4474-abe0-b735eb6c9442.jpg?1604192569,,ZNR,73209,Creature - Ox
81912,7.3653189,8617,10.924916,8004,0.5089955,0,,942,0.51380042,1721,0.49622313,2392,0.50250836,3165,0.5093207,-0.006812339999999972,Makindi Ox,W,common,https://c1.scryfall.com/file/scryfall-cards/border_crop/front/f/d/fd0d164a-bce2-4474-abe0-b735eb6c9442.jpg?1604192569,,ZNR,74661,Creature - Ox
25399,4.811528,5235,6.2997135,21528,0.53576737,0,,2818,0.50035486,4324,0.51295097,6582,0.51063507,8744,0.56164227,-0.05100720000000003,Makindi Stampede,W,uncommon,https://c1.scryfall.com/file/scryfall-cards/border_crop/front/a/d/ada9a974-8f1f-4148-bd61-200fc14714b2.jpg?1604192616,https://c1.scryfall.com/file/scryfall-cards/border_crop/back/a/d/ada9a974-8f1f-4148-bd61-200fc14714b2.jpg?1604192616,ZNR,73210,Sorcery
2146,1.3942218,1520,1.3697368,7551,0.56482585,0,,981,0.63302752,1436,0.61211699,2386,0.61986588,3243,0.52913969,0.09072618999999993,Maul of the Skyclaves,W,rare,https://c1.scryfall.com/file/scryfall-cards/border_crop/front/f/1/f18f2608-0d44-442c-97a1-12ac94b7abac.jpg?1604192639,,ZNR,73212,Artifact - Equipment
85687,8.1414917,9782,11.651298,5559,0.50692571,0,,830,0.48313253,1191,0.48026868,1806,0.49003322,2105,0.52541568,-0.03538246000000006,Mesa Lynx,W,common,https://c1.scryfall.com/file/scryfall-cards/border_crop/front/f/6/f65af09b-656f-4d81-b95d-b4f902e56bb7.jpg?1604192681,,ZNR,73213,Creature - Cat
44660,3.5069637,8680,4.4904378,30221,0.53598491,0,,4467,0.51936423,7280,0.52623626,10376,0.52746723,11467,0.54434464,-0.016877410000000093,Nahiri's Binding,W,common,https://c1.scryfall.com/file/scryfall-cards/border_crop/front/4/2/421eac28-d6f2-44f2-b7ca-eb73fbf23887.jpg?1604192763,,ZNR,73214,Enchantment - Aura
4902,3.2060384,1188,3.7516835,3991,0.52442997,0,,513,0.51267057,753,0.53784861,1205,0.53278008,1457,0.51475635,0.018023730000000016,Ondu Inversion,W,rare,https://c1.scryfall.com/file/scryfall-cards/border_crop/front/b/6/b6e6be8c-41c3-4348-a8dd-b40ceb24e9b4.jpg?1604243286,https://c1.scryfall.com/file/scryfall-cards/border_crop/back/b/6/b6e6be8c-41c3-4348-a8dd-b40ceb24e9b4.jpg?1604243286,ZNR,73215,Sorcery
20003,4.4832275,3286,5.8953135,10991,0.5408971,0,,1807,0.55949087,2490,0.5248996,3851,0.54297585,4746,0.55330805,-0.010332200000000014,Paired Tactician,W,uncommon,https://c1.scryfall.com/file/scryfall-cards/border_crop/front/6/7/67930e10-4de8-4d40-af27-4a38d35ab16f.jpg?1604192873,,ZNR,73217,Creature - Human Warrior
76167,6.4097312,11338,8.894955,26555,0.54468085,0,,4349,0.54633249,7313,0.55613291,10273,0.55173756,10742,0.5436604,0.008077159999999917,Practiced Tactics,W,common,https://c1.scryfall.com/file/scryfall-cards/border_crop/front/9/1/91b448f4-aa0c-42c7-a771-e8dd20e0520c.jpg?1604192922,,ZNR,73218,Instant
86407,8.4437256,8684,12.356863,2084,0.50047985,0,,243,0.44032922,421,0.52969121,634,0.48580442,816,0.52328431,-0.03747988999999996,Pressure Point,W,common,https://c1.scryfall.com/file/scryfall-cards/border_crop/front/2/f/2fe82bbf-9b92-4684-a42d-fbc50c4c5903.jpg?1604192958,,ZNR,73219,Instant
62377,5.0354778,7240,7.4337017,17282,0.51776415,0,,2683,0.51546776,4320,0.48402778,5815,0.50748065,6115,0.52412101,-0.01664036000000002,Prowling Felidar,W,common,https://c1.scryfall.com/file/scryfall-cards/border_crop/front/b/9/b9d1c11a-a32c-449c-95c6-450dce6c26d2.jpg?1604193011,,ZNR,73220,Creature - Cat Beast
62377,5.0354778,7240,7.4337017,17282,0.51776415,0,,2683,0.51546776,4320,0.48402778,5815,0.50748065,6115,0.52412101,-0.01664036000000002,Prowling Felidar,W,common,https://c1.scryfall.com/file/scryfall-cards/border_crop/front/b/9/b9d1c11a-a32c-449c-95c6-450dce6c26d2.jpg?1604193011,,ZNR,74662,Creature - Cat Beast
83904,7.7726449,10007,11.09973,11883,0.55154422,0,,1676,0.5447494,2417,0.540753,3894,0.54725218,5352,0.56390135,-0.01664916999999999,Resolute Strike,W,common,https://c1.scryfall.com/file/scryfall-cards/border_crop/front/7/8/78b82476-4320-4719-9785-af8d68503234.jpg?1619795129,,ZNR,73221,Instant
77064,6.4544405,10361,9.1774925,28104,0.55148733,0,,4490,0.57104677,6494,0.5486603,10269,0.56159314,12444,0.54741241,0.014180730000000086,Sea Gate Banneret,W,common,https://c1.scryfall.com/file/scryfall-cards/border_crop/front/6/a/6ae4634e-1487-4b66-8f70-bcb4b1fa6e77.jpg?1604193084,,ZNR,73222,Creature - Kor Warrior
21177,3.8955943,5350,4.871215,23415,0.54653,0,,3389,0.5452936,4836,0.54114971,7630,0.54259502,9665,0.56026901,-0.017673989999999917,Sejiri Shelter,W,uncommon,https://c1.scryfall.com/file/scryfall-cards/border_crop/front/f/2/f25d56f9-aa54-4657-9ac9-e93fbba3e715.jpg?1604193214,https://c1.scryfall.com/file/scryfall-cards/border_crop/back/f/2/f25d56f9-aa54-4657-9ac9-e93fbba3e715.jpg?1604193214,ZNR,73223,Instant
50998,3.9294286,12670,4.9426204,42922,0.55011416,0,,7494,0.55671204,13460,0.57072808,16974,0.56863438,15813,0.53652058,0.03211379999999997,Shepherd of Heroes,W,common,https://c1.scryfall.com/file/scryfall-cards/border_crop/front/1/f/1f70baa3-5232-4e10-80b4-a9ead6ed6ec3.jpg?1604235790,,ZNR,73225,Creature - Angel Cleric
2792,1.9258596,1227,1.9193154,5279,0.56165941,0,,704,0.58522727,1100,0.59,1727,0.59061957,2322,0.54134367,0.04927589999999993,Skyclave Apparition,W,rare,https://c1.scryfall.com/file/scryfall-cards/border_crop/front/b/8/b83cfbaa-7890-4f6f-878b-4edb45677371.jpg?1604193295,,ZNR,73226,Creature - Kor Spirit
22546,4.2088175,4677,5.5334616,19676,0.5389815,0,,2786,0.55061019,3958,0.53284487,6296,0.54209022,7922,0.54746276,-0.005372540000000092,Skyclave Cleric,W,uncommon,https://c1.scryfall.com/file/scryfall-cards/border_crop/front/0/1/014027c4-7f9d-4096-b308-ea4be574c0d4.jpg?1604243887,https://c1.scryfall.com/file/scryfall-cards/border_crop/back/0/1/014027c4-7f9d-4096-b308-ea4be574c0d4.jpg?1604243887,ZNR,73227,Creature - Kor Cleric
2719,1.8539904,1574,1.8106734,7690,0.57737321,0,,985,0.64974619,1549,0.63976759,2460,0.64227642,3384,0.53812057,0.10415584999999994,Squad Commander,W,rare,https://c1.scryfall.com/file/scryfall-cards/border_crop/front/c/2/c2ce186d-c9cd-41e9-bac2-ad9d36c4939f.jpg?1604193386,,ZNR,73229,Creature - Kor Warrior
77675,6.7814226,6369,10.570105,7488,0.51575855,0,,850,0.49764706,1435,0.51498258,2196,0.51502732,2899,0.51293549,0.0020918299999999057,Smite the Monstrous,W,common,https://c1.scryfall.com/file/scryfall-cards/border_crop/front/9/c/9c103163-31b7-4d25-aa2c-02ca082ee1bf.jpg?1604193448,,ZNR,73230,Instant
73290,5.8721654,10659,8.2127779,25643,0.52809734,0,,4019,0.50012441,6023,0.51469367,8636,0.51320056,9330,0.54833869,-0.03513812999999999,Tazeem Raptor,W,common,https://c1.scryfall.com/file/scryfall-cards/border_crop/front/2/9/299d60b9-0ba7-40ee-b9d0-ee8f1ea288c9.jpg?1604589296,,ZNR,73231,Creature - Bird
1205,1.5742739,765,1.4849673,3627,0.56299972,0,,468,0.59615385,849,0.57832744,1202,0.5906822,1572,0.54198473,0.04869747000000002,"Tazri, Beacon of Unity",WUBRG,mythic,https://c1.scryfall.com/file/scryfall-cards/border_crop/front/d/4/d4b79138-5728-4541-9ea5-dce1a5ae7e6a.jpg?1604193517,,ZNR,73232,Legendary Creature - Human Warrior
79222,6.9621822,9801,10.258239,13851,0.54118836,0,,2047,0.56033219,3352,0.55459427,4920,0.5546748,5012,0.52773344,0.026941360000000025,Anticognition,U,common,https://c1.scryfall.com/file/scryfall-cards/border_crop/front/d/b/db99b872-77c7-4471-9c44-a36d4ff5d33f.jpg?1604193539,,ZNR,73233,Instant
28757,5.3591473,6626,7.0415032,27570,0.53108451,0,,3941,0.52296371,6479,0.54005248,9756,0.53198032,10270,0.52999026,0.0019900599999999047,Beyeen Veil,U,uncommon,https://c1.scryfall.com/file/scryfall-cards/border_crop/front/5/f/5f411f08-45dd-4d73-8894-daf51c175150.jpg?1604193600,https://c1.scryfall.com/file/scryfall-cards/border_crop/back/5/f/5f411f08-45dd-4d73-8894-daf51c175150.jpg?1604193600,ZNR,73234,Instant
44529,3.5135979,14954,4.20436,51401,0.5384331,0,,9430,0.52057264,16744,0.57937172,21821,0.55845287,17314,0.51599861,0.042454259999999966,Bubble Snare,U,common,https://c1.scryfall.com/file/scryfall-cards/border_crop/front/1/b/1bfba7a0-d5ca-4197-9e58-21f28345f1a6.jpg?1604193650,,ZNR,73236,Enchantment - Aura
80391,6.9107985,11334,9.8638609,19333,0.51073294,0,,2713,0.48544047,5369,0.52989383,7244,0.51601325,7349,0.50796027,0.008052979999999987,Cascade Seer,U,common,https://c1.scryfall.com/file/scryfall-cards/border_crop/front/1/3/13105c88-2926-40ad-bc7a-09d515aa36c6.jpg?1604193685,,ZNR,73237,Creature - Merfolk Wizard
3274,2.1771533,1727,2.178923,7543,0.52048257,0,,1013,0.52418559,1969,0.51091925,2786,0.52368988,3135,0.52727273,-0.0035828499999999153,"Charix, the Raging Isle",U,rare,https://c1.scryfall.com/file/scryfall-cards/border_crop/front/e/8/e83a6804-1e3c-428c-af5e-1d56ba11c108.jpg?1604193709,,ZNR,73238,Legendary Creature - Leviathan Crab
83063,7.499079,14908,10.002012,24058,0.53109153,0,,4647,0.53217129,9470,0.56789863,11084,0.55214724,8316,0.50420875,0.047938490000000056,Chilling Trap,U,common,https://c1.scryfall.com/file/scryfall-cards/border_crop/front/6/0/60f9adfd-a940-4d62-894b-84f17c693a10.jpg?1604193730,,ZNR,73239,Instant
80820,7.0681267,10550,10.270616,15729,0.50009537,0,,2293,0.49105975,3925,0.47796178,5613,0.48975592,5557,0.50206946,-0.012313539999999956,Cleric of Chill Depths,U,common,https://c1.scryfall.com/file/scryfall-cards/border_crop/front/b/4/b4ea262c-ea32-4aca-b96b-58f556a8dffc.jpg?1604193763,,ZNR,73240,Creature - Merfolk Cleric
30158,7.6574707,3315,11.380995,831,0.47172082,0,,91,0.51648352,191,0.47643979,275,0.49090909,346,0.48265896,0.008250129999999967,Concerted Defense,U,uncommon,https://c1.scryfall.com/file/scryfall-cards/border_crop/front/2/3/235c108d-3902-4c2e-919c-a5449cd2dc3c.jpg?1604193820,,ZNR,73241,Instant
8558,5.4688011,1064,7.987782,72,0.38888889,0,,4,0.25,11,0.0,15,0.066666667,12,0.33333333,-0.26666666299999997,Confounding Conundrum,U,rare,https://c1.scryfall.com/file/scryfall-cards/border_crop/front/9/5/95e37936-913e-4b16-a5a8-8aed733d702d.jpg?1604193855,,ZNR,73242,Enchantment
3920,2.6563776,1631,2.72103,7337,0.54790786,0,,970,0.57731959,1708,0.58606557,2581,0.58504456,2953,0.51100576,0.07403880000000007,Coralhelm Chronicler,U,rare,https://c1.scryfall.com/file/scryfall-cards/border_crop/front/5/0/50b54524-8345-4b47-913f-d883a1cbe3a1.jpg?1604193917,,ZNR,73243,Creature - Merfolk Wizard
59682,4.4883549,15164,5.7780269,50893,0.53252903,0,,9367,0.51425216,17549,0.56755371,21870,0.54778235,16913,0.51552061,0.03226173999999993,Cunning Geysermage,U,common,https://c1.scryfall.com/file/scryfall-cards/border_crop/front/2/2/2217f0a9-5af5-45cc-8cf7-8878d4f66dd8.jpg?1604193977,,ZNR,73244,Creature - Human Wizard
82497,7.4156636,10067,10.777391,10458,0.5102314,0,,1436,0.50348189,2534,0.52525651,3635,0.51361761,3736,0.50562099,0.007996619999999899,Deliberate,U,common,https://c1.scryfall.com/file/scryfall-cards/border_crop/front/c/4/c41c0dd0-fef2-4f3c-8f3c-9c9c521b5442.jpg?1604194005,,ZNR,73245,Instant
61817,4.7337302,14144,6.2248303,44056,0.52973488,0,,8270,0.51886336,16095,0.54228021,19098,0.53539638,14701,0.52234542,0.013050960000000056,Expedition Diviner,U,common,https://c1.scryfall.com/file/scryfall-cards/border_crop/front/0/9/090f6e94-fb5f-4861-a465-f11766303676.jpg?1604194021,,ZNR,73246,Creature - Merfolk Wizard
69422,5.5201665,14412,7.3263253,48198,0.53564463,0,,8284,0.53331724,15030,0.57312043,19503,0.5515049,18617,0.52199603,0.02950886999999991,Field Research,U,common,https://c1.scryfall.com/file/scryfall-cards/border_crop/front/a/4/a48c3a2f-678b-4e70-a53f-258457d88d29.jpg?1604194056,,ZNR,73247,Sorcery
76384,6.3164537,12059,8.920889,25885,0.53683601,0,,4339,0.51348237,8144,0.55709725,10688,0.53995135,9893,0.53057718,0.00937417000000007,Glacial Grasp,U,common,https://c1.scryfall.com/file/scryfall-cards/border_crop/front/3/8/381d84d6-7b34-44cb-a697-54b835ba1281.jpg?1604194085,,ZNR,73248,Instant
3016,1.9993369,1693,2.02658,7861,0.53720901,0,,1089,0.57300275,1832,0.57914847,2734,0.5771763,3247,0.51678472,0.06039158,Glasspool Mimic,U,rare,https://c1.scryfall.com/file/scryfall-cards/border_crop/front/5/a/5adcb500-8c77-4925-8e2c-1243502827d1.jpg?1604243976,https://c1.scryfall.com/file/scryfall-cards/border_crop/back/5/a/5adcb500-8c77-4925-8e2c-1243502827d1.jpg?1604243976,ZNR,73249,Creature - Shapeshifter Rogue
2739,1.8393574,1710,1.8508772,8481,0.55630232,0,,1071,0.57236228,2492,0.65770465,3097,0.61414272,3442,0.50697269,0.10717003000000003,Inscription of Insight,U,rare,https://c1.scryfall.com/file/scryfall-cards/border_crop/front/2/8/281cdb1c-21ae-4430-8e0f-c993f52ba891.jpg?1604194137,,ZNR,73251,Sorcery
46955,3.6439996,18249,4.1772152,58847,0.53705372,0,,11994,0.54210439,24210,0.59178026,26211,0.56422876,19016,0.5024716,0.06175715999999998,Into the Roil,U,common,https://c1.scryfall.com/file/scryfall-cards/border_crop/front/8/9/899540b0-c17a-4a73-912c-9b8925203de1.jpg?1604194172,,ZNR,73252,Instant
1077,1.4280409,779,1.4351733,3458,0.51966455,0,,458,0.51965066,827,0.55743652,1262,0.54120444,1461,0.50308008,0.03812435999999997,"Jace, Mirror Mage",U,mythic,https://c1.scryfall.com/file/scryfall-cards/border_crop/front/f/e/fe0ed348-e4ed-4b6a-b9d9-03539a6fb42a.jpg?1604194202,,ZNR,73253,Legendary Planeswalker - Jace
1077,1.4280409,779,1.4351733,3458,0.51966455,0,,458,0.51965066,827,0.55743652,1262,0.54120444,1461,0.50308008,0.03812435999999997,"Jace, Mirror Mage",U,mythic,https://c1.scryfall.com/file/scryfall-cards/border_crop/front/f/e/fe0ed348-e4ed-4b6a-b9d9-03539a6fb42a.jpg?1604194202,,ZNR,74695,Legendary Planeswalker - Jace
25677,4.8157495,5421,6.3375761,23102,0.53250801,0,,3224,0.53473945,5097,0.54031783,7990,0.5379224,8853,0.53236191,0.005560490000000029,Jwari Disruption,U,uncommon,https://c1.scryfall.com/file/scryfall-cards/border_crop/front/3/0/301750a7-d1fd-435e-bfa8-9d2fb22ad627.jpg?1604250757,https://c1.scryfall.com/file/scryfall-cards/border_crop/back/3/0/301750a7-d1fd-435e-bfa8-9d2fb22ad627.jpg?1604250757,ZNR,73254,Instant
82465,7.3186321,10410,10.628818,11892,0.51698621,0,,1345,0.49665428,2789,0.51380423,3756,0.51118211,4150,0.51831325,-0.007131139999999925,Living Tempest,U,common,https://c1.scryfall.com/file/scryfall-cards/border_crop/front/a/0/a05ed233-9b53-4c67-ab1c-0217386c9fe4.jpg?1604194351,,ZNR,73256,Creature - Elemental
14112,3.1779337,5432,3.4791973,22965,0.5514914,0,,3179,0.54797106,7444,0.61418592,9111,0.57973878,8886,0.52149449,0.058244289999999976,Lullmage's Domination,U,uncommon,https://c1.scryfall.com/file/scryfall-cards/border_crop/front/c/9/c9944393-348f-4f0e-a0c7-9adcc5a30749.jpg?1604194383,,ZNR,73257,Sorcery
4762,3.3231835,938,4.0799574,2587,0.51449555,0,,319,0.49529781,646,0.54798762,884,0.51244344,1078,0.51669759,-0.004254150000000068,Maddening Cacophony,U,rare,https://c1.scryfall.com/file/scryfall-cards/border_crop/front/1/0/10a79733-702c-4611-b073-71db7f1158b2.jpg?1604194415,,ZNR,73258,Sorcery
3069,2.0941675,1792,2.1121652,8879,0.5609866,0,,1167,0.6066838,2168,0.62269373,3160,0.61740506,3576,0.51985459,0.09755046999999994,Master of Winds,U,rare,https://c1.scryfall.com/file/scryfall-cards/border_crop/front/0/c/0caaf92a-3d9d-4c52-acff-cf960ec55e47.jpg?1604194468,,ZNR,73259,Creature - Sphinx Wizard
14109,3.1746403,5409,3.4893696,23195,0.53640871,0,,3249,0.52754694,6854,0.55646338,8665,0.55302943,8928,0.51948925,0.03354018000000003,Merfolk Falconer,U,uncommon,https://c1.scryfall.com/file/scryfall-cards/border_crop/front/a/c/acb0d55a-9d6a-443d-aa82-5cea93188fd2.jpg?1604194490,,ZNR,73260,Creature - Merfolk Wizard
19626,4.3456639,3468,5.8976355,11193,0.54274993,0,,1776,0.58614865,3102,0.54352031,4302,0.55950721,4352,0.52205882,0.03744839,Merfolk Windrobber,U,uncommon,https://c1.scryfall.com/file/scryfall-cards/border_crop/front/1/1/112077b8-1514-4320-a70f-b23f3c7ce18a.jpg?1604194520,,ZNR,73261,Creature - Merfolk Rogue
85125,8.218373,8572,12.09286,2169,0.49285385,0,,250,0.472,473,0.49048626,703,0.48506401,810,0.49753086,-0.01246685000000003,Negate,U,common,https://c1.scryfall.com/file/scryfall-cards/border_crop/front/e/9/e92c7477-d453-4fa4-acf4-3835ab9eb55a.jpg?1604194548,,ZNR,73262,Instant
4127,2.8204507,1475,3.0610169,5972,0.52243804,0,,823,0.5054678,1371,0.54194019,2091,0.5274988,2525,0.5219802,0.00551860000000004,Nimble Trapfinder,U,rare,https://c1.scryfall.com/file/scryfall-cards/border_crop/front/1/e/1ee1a550-b7e7-48e0-bd96-a41986dbd879.jpg?1604194598,,ZNR,73263,Creature - Human Rogue
74024,6.3223009,14120,8.3147309,28088,0.52307035,0,,5301,0.51612903,9697,0.53212334,11526,0.53036613,8416,0.52103137,0.009334759999999998,Risen Riptide,U,common,https://c1.scryfall.com/file/scryfall-cards/border_crop/front/f/6/f6455009-030c-4a33-a60b-80863d8f8aaf.jpg?1604194618,,ZNR,73264,Creature - Elemental
11077,2.6102735,6513,2.6135421,26816,0.55213305,0,,4452,0.61208446,7561,0.62531411,10865,0.60883571,9535,0.48515994,0.12367577000000002,Roost of Drakes,U,uncommon,https://c1.scryfall.com/file/scryfall-cards/border_crop/front/b/a/ba1240d4-dbd0-483b-934a-5f7c505fad42.jpg?1604194640,,ZNR,73265,Enchantment
12976,3.0710543,4498,3.3043575,16540,0.55586457,0,,2866,0.65561759,4945,0.58564206,6740,0.59792285,6252,0.50895713,0.08896572000000003,Ruin Crab,U,uncommon,https://c1.scryfall.com/file/scryfall-cards/border_crop/front/7/3/738ce273-c938-42d2-83b2-c4f5f4000b0b.jpg?1604194671,,ZNR,73266,Creature - Crab
12976,3.0710543,4498,3.3043575,16540,0.55586457,0,,2866,0.65561759,4945,0.58564206,6740,0.59792285,6252,0.50895713,0.08896572000000003,Ruin Crab,U,uncommon,https://c1.scryfall.com/file/scryfall-cards/border_crop/front/7/3/738ce273-c938-42d2-83b2-c4f5f4000b0b.jpg?1604194671,,ZNR,74663,Creature - Crab
2145,2.8811189,587,3.2112436,2042,0.5215475,0,,244,0.45491803,471,0.51380042,670,0.48955224,806,0.54218362,-0.05263137999999995,Sea Gate Restoration,U,mythic,https://c1.scryfall.com/file/scryfall-cards/border_crop/front/1/9/193071fe-180b-4d35-ba78-9c16675c29fc.jpg?1604250788,https://c1.scryfall.com/file/scryfall-cards/border_crop/back/1/9/193071fe-180b-4d35-ba78-9c16675c29fc.jpg?1604250788,ZNR,73267,Sorcery
1419,1.9992953,685,2.080292,2631,0.50513113,0,,323,0.51393189,619,0.47172859,924,0.49025974,1078,0.52504638,-0.034786640000000035,Sea Gate Stormcaller,U,mythic,https://c1.scryfall.com/file/scryfall-cards/border_crop/front/1/e/1e14e677-9bfa-4bcc-9772-8e7758d7538a.jpg?1604194815,,ZNR,73269,Creature - Human Wizard
71919,5.809647,13927,7.8660157,38574,0.52854254,0,,6786,0.53743,12790,0.55535575,16230,0.54614911,13797,0.51163296,0.03451614999999997,Seafloor Stalker,U,common,https://c1.scryfall.com/file/scryfall-cards/border_crop/front/9/8/985e9696-6c76-4241-97fc-f166fe2420ce.jpg?1604231466,,ZNR,73270,Creature - Merfolk Rogue
82006,7.2626149,12415,10.159323,20736,0.52092978,0,,2781,0.50449479,5614,0.53865337,7594,0.52528312,7711,0.52159253,0.003690589999999938,Shell Shield,U,common,https://c1.scryfall.com/file/scryfall-cards/border_crop/front/3/d/3daede39-8eef-4272-a483-312dbd2dd30f.jpg?1604194867,,ZNR,73271,Instant
27521,5.1911268,6046,6.8036718,24350,0.52213552,0,,3312,0.50694444,5688,0.53375527,8455,0.52501478,9204,0.52151239,0.0035023899999999664,Silundi Vision,U,uncommon,https://c1.scryfall.com/file/scryfall-cards/border_crop/front/1/1/11568cdf-6148-494c-8b98-f5ca5797d775.jpg?1604194924,https://c1.scryfall.com/file/scryfall-cards/border_crop/back/1/1/11568cdf-6148-494c-8b98-f5ca5797d775.jpg?1604194924,ZNR,73272,Instant
24527,5.4345008,4326,7.3754045,12393,0.5308642,0,,1530,0.51699346,2888,0.56890582,4168,0.54630518,5026,0.51352965,0.03277553,Skyclave Plunder,U,uncommon,https://c1.scryfall.com/file/scryfall-cards/border_crop/front/3/f/3ff05312-787e-4e5e-a0d5-8f3fb576fc49.jpg?1604194953,,ZNR,73274,Sorcery
81242,6.9763054,15004,9.446081,31636,0.53205209,0,,6207,0.56468503,10184,0.53132364,13755,0.54489277,11845,0.52173913,0.023153639999999975,Skyclave Squid,U,common,https://c1.scryfall.com/file/scryfall-cards/border_crop/front/5/8/581ed049-7b5b-47d9-96af-f737631a221f.jpg?1604194987,,ZNR,73275,Creature - Squid
81242,6.9763054,15004,9.446081,31636,0.53205209,0,,6207,0.56468503,10184,0.53132364,13755,0.54489277,11845,0.52173913,0.023153639999999975,Skyclave Squid,U,common,https://c1.scryfall.com/file/scryfall-cards/border_crop/front/5/8/581ed049-7b5b-47d9-96af-f737631a221f.jpg?1604194987,,ZNR,74664,Creature - Squid
16830,3.8273916,4150,4.6436145,14525,0.53115318,0,,2033,0.52385637,4088,0.56580235,5249,0.54429415,5684,0.52093596,0.023358190000000056,Sure-Footed Infiltrator,U,uncommon,https://c1.scryfall.com/file/scryfall-cards/border_crop/front/0/5/0505053c-8a9c-43ed-b44a-b52c56ba4f77.jpg?1604195009,,ZNR,73276,Creature - Merfolk Rogue
59662,4.5450706,17577,5.6232577,57614,0.53433193,0,,11358,0.5139109,21063,0.56549399,25516,0.54158175,18955,0.52909523,0.012486519999999945,Tazeem Roilmage,U,common,https://c1.scryfall.com/file/scryfall-cards/border_crop/front/6/f/6f222fb7-375d-4ee2-9ff6-bd71f63ab31a.jpg?1604195025,,ZNR,73277,Creature - Merfolk Wizard
3397,2.3291139,1599,2.4140088,7474,0.53559005,0,,1002,0.55389222,1866,0.59163987,2749,0.57620953,2976,0.50235215,0.07385737999999997,Thieving Skydiver,U,rare,https://c1.scryfall.com/file/scryfall-cards/border_crop/front/f/f/ff84ea71-e477-44f7-a3f8-77fef708efeb.jpg?1604195053,,ZNR,73278,Creature - Merfolk Rogue
19535,3.6388021,7088,4.2223476,31445,0.52978216,0,,4449,0.51607103,7995,0.54208881,11233,0.53565388,11431,0.52156417,0.014089710000000033,Umara Wizard,U,uncommon,https://c1.scryfall.com/file/scryfall-cards/border_crop/front/8/9/890eee8d-a339-4143-adfa-1b17ec10c099.jpg?1604195112,https://c1.scryfall.com/file/scryfall-cards/border_crop/back/8/9/890eee8d-a339-4143-adfa-1b17ec10c099.jpg?1604195112,ZNR,73279,Creature - Merfolk Wizard
17382,3.7192498,5134,4.379626,20959,0.53051195,0,,3264,0.54779412,5876,0.5536079,8119,0.55302377,7824,0.51559305,0.03743072000000003,Windrider Wizard,U,uncommon,https://c1.scryfall.com/file/scryfall-cards/border_crop/front/c/7/c790a86d-db91-4a87-aa3a-3f9fc4d4b662.jpg?1604195132,,ZNR,73281,Creature - Human Wizard
74195,6.2449356,11585,8.8356495,27646,0.54810823,0,,5105,0.5453477,8628,0.58959203,11667,0.56535528,10442,0.52691055,0.03844473000000004,Zulaport Duelist,U,common,https://c1.scryfall.com/file/scryfall-cards/border_crop/front/0/b/0b4c7268-60c6-4038-8ce9-d9d51bed4577.jpg?1604195154,,ZNR,73282,Creature - Human Rogue
15917,3.4382735,4878,4.1346863,21373,0.56183035,0,,3317,0.5999397,5059,0.58213086,7526,0.5886261,9002,0.53799156,0.050634540000000006,Acquisitions Expert,B,uncommon,https://c1.scryfall.com/file/scryfall-cards/border_crop/front/2/8/281336c7-ca7c-4c91-bdfb-d253a965cb7c.jpg?1604195180,,ZNR,73283,Creature - Human Rogue
1232,1.7021104,759,1.6969697,3290,0.52857143,0,,412,0.53883495,723,0.55463347,1085,0.54101382,1454,0.53507565,0.005938169999999965,Agadeem's Awakening,B,mythic,https://c1.scryfall.com/file/scryfall-cards/border_crop/front/6/7/67f4c93b-080c-4196-b095-6a120a221988.jpg?1604195226,https://c1.scryfall.com/file/scryfall-cards/border_crop/back/6/7/67f4c93b-080c-4196-b095-6a120a221988.jpg?1604195226,ZNR,73284,Sorcery
16557,3.1453162,6176,3.6130181,28343,0.54948312,0,,4184,0.54445507,6441,0.56870051,9481,0.56207151,11426,0.54804831,0.014023200000000013,Blackbloom Rogue,B,uncommon,https://c1.scryfall.com/file/scryfall-cards/border_crop/front/3/2/32779721-b021-4bd4-95d1-4a19b78d9faa.jpg?1604195281,https://c1.scryfall.com/file/scryfall-cards/border_crop/back/3/2/32779721-b021-4bd4-95d1-4a19b78d9faa.jpg?1604195281,ZNR,73286,Creature - Human Rogue
72582,5.8066049,13748,7.827975,45462,0.53972549,0,,6708,0.50834824,11489,0.54869876,16719,0.53262755,19368,0.54884345,-0.01621590000000006,Blood Beckoning,B,common,https://c1.scryfall.com/file/scryfall-cards/border_crop/front/0/c/0cb88075-14f8-4ac9-b947-5ca1d30938f1.jpg?1604195307,,ZNR,73288,Sorcery
83517,7.4626723,10551,10.706094,14383,0.5300007,0,,1856,0.50323276,2888,0.52527701,4638,0.51617076,6197,0.5388091,-0.02263834000000009,Blood Price,B,common,https://c1.scryfall.com/file/scryfall-cards/border_crop/front/d/f/df14d32d-fe53-4370-8298-fab528ff12db.jpg?1604195324,,ZNR,73289,Sorcery
9385,2.2186468,4827,2.3745598,21528,0.54775177,0,,3199,0.55079712,4820,0.56929461,7343,0.56407463,8738,0.53364614,0.03042849000000003,Bloodchief's Thirst,B,uncommon,https://c1.scryfall.com/file/scryfall-cards/border_crop/front/0/5/059e8447-6b1c-4651-a734-a8fea2cbf7b2.jpg?1604195360,,ZNR,73290,Sorcery
6802,4.36798,961,5.9968783,1293,0.51972158,0,,140,0.51428571,231,0.48917749,371,0.49865229,526,0.53992395,-0.04127166000000004,Coveted Prize,B,rare,https://c1.scryfall.com/file/scryfall-cards/border_crop/front/5/a/5afbc5d3-318f-4545-88d6-fc81e5466238.jpg?1604195385,,ZNR,73291,Sorcery
35129,2.8443167,14109,3.2233326,52422,0.54654534,0,,8657,0.5433753,14582,0.57598409,19831,0.56194846,19976,0.53268923,0.02925922999999997,Deadly Alliance,B,common,https://c1.scryfall.com/file/scryfall-cards/border_crop/front/0/0/007a5c8c-ed0b-4844-9393-a3d25d4ffa1d.jpg?1604195436,,ZNR,73292,Instant
20654,4.438317,3354,6.0638044,11831,0.54247316,0,,1743,0.54388985,2985,0.55845896,4167,0.55195584,4988,0.53648757,0.01546826999999995,Demon's Disciple,B,uncommon,https://c1.scryfall.com/file/scryfall-cards/border_crop/front/8/3/836f5197-e42b-45e0-8170-1b0a8a5beebd.jpg?1604231452,,ZNR,73293,Creature - Human Cleric
899,1.2335929,740,1.2067568,3778,0.56484913,0,,508,0.6023622,881,0.6322361,1238,0.61954766,1679,0.52769506,0.09185259999999995,"Drana, the Last Bloodchief",B,mythic,https://c1.scryfall.com/file/scryfall-cards/border_crop/front/5/c/5cd4154e-7681-444b-a0f2-33e887791ba7.jpg?1612316219,,ZNR,73294,Legendary Creature - Vampire Cleric
81875,7.1123908,10401,10.249303,14400,0.52361111,0,,1548,0.47674419,3024,0.50661376,4302,0.4995351,5572,0.55043073,-0.05089562999999997,Drana's Silencer,B,common,https://c1.scryfall.com/file/scryfall-cards/border_crop/front/5/9/59224f9a-deb2-4dd4-b2d4-967232c14254.jpg?1604195538,,ZNR,73295,Creature - Vampire Rogue
79925,7.0606444,9115,10.466923,12004,0.51024658,0,,1461,0.50376454,2906,0.50584997,3882,0.51159196,4827,0.51564119,-0.004049230000000015,Dreadwurm,B,common,https://c1.scryfall.com/file/scryfall-cards/border_crop/front/3/3/339736a8-a00f-4e21-8d92-38486f73dba9.jpg?1604195570,,ZNR,73296,Creature - Wurm Horror
79925,7.0606444,9115,10.466923,12004,0.51024658,0,,1461,0.50376454,2906,0.50584997,3882,0.51159196,4827,0.51564119,-0.004049230000000015,Dreadwurm,B,common,https://c1.scryfall.com/file/scryfall-cards/border_crop/front/3/3/339736a8-a00f-4e21-8d92-38486f73dba9.jpg?1604195570,,ZNR,74665,Creature - Wurm Horror
69193,5.3667278,12025,7.4148857,37207,0.54761201,0,,7127,0.5616669,11103,0.54786995,14615,0.55504619,13657,0.54331112,0.011735069999999959,Expedition Skulker,B,common,https://c1.scryfall.com/file/scryfall-cards/border_crop/front/2/9/2966b1f0-3d30-4d92-87e5-f39ceacefbd2.jpg?1604195598,,ZNR,73297,Creature - Vampire Rogue
45260,3.5710561,12519,4.3358894,48540,0.54295426,0,,7910,0.54589128,12030,0.55320033,17913,0.55244794,19361,0.53767884,0.01476909999999998,Feed the Swarm,B,common,https://c1.scryfall.com/file/scryfall-cards/border_crop/front/f/6/f6b2eba7-862a-4efd-9f65-065fb2070855.jpg?1604195649,,ZNR,73298,Sorcery
62601,4.7590614,10654,6.7029285,34983,0.53368779,0,,6140,0.5267101,10364,0.54033192,13401,0.53973584,12985,0.53407778,0.00565806000000002,Ghastly Gloomhunter,B,common,https://c1.scryfall.com/file/scryfall-cards/border_crop/front/f/2/f272ac54-fea8-4044-83e2-f8fdc10f467d.jpg?1604195684,,ZNR,73299,Creature - Zombie Bat
81720,7.4078683,8293,11.098637,7158,0.48714725,0,,885,0.47231638,1359,0.46725533,1965,0.47633588,2267,0.50816056,-0.031824679999999994,Guul Draz Mucklord,B,common,https://c1.scryfall.com/file/scryfall-cards/border_crop/front/b/9/b996743e-7f48-49d8-948b-ceb75bddf215.jpg?1604195708,,ZNR,73300,Creature - Crocodile
79240,7.0052246,8405,10.399643,9580,0.49217119,0,,1397,0.46385111,2301,0.47848761,3118,0.47947402,3275,0.50931298,-0.029838960000000025,Hagra Constrictor,B,common,https://c1.scryfall.com/file/scryfall-cards/border_crop/front/f/9/f971b71a-af69-43a7-b06c-e80eaaaf4a5f.jpg?1604195731,,ZNR,73301,Creature - Snake
2620,1.6965649,1640,1.6646341,7723,0.55134015,0,,1040,0.54326923,1564,0.56713555,2477,0.5526847,3369,0.55238943,0.00029527000000006964,Hagra Mauling,B,rare,https://c1.scryfall.com/file/scryfall-cards/border_crop/front/7/c/7c04c734-354d-4925-8161-7052110951df.jpg?1604195798,https://c1.scryfall.com/file/scryfall-cards/border_crop/back/7/c/7c04c734-354d-4925-8161-7052110951df.jpg?1604195798,ZNR,73302,Instant
85501,7.7638039,10942,11.077682,11975,0.52125261,0,,1678,0.49106079,2964,0.51045884,4078,0.51177048,4978,0.53877059,-0.02700011000000002,Highborn Vampire,B,common,https://c1.scryfall.com/file/scryfall-cards/border_crop/front/2/4/24c40082-516e-4381-a4cc-e61c5a9a6cac.jpg?1604231440,,ZNR,73304,Creature - Vampire Warrior
2531,1.7036744,1476,1.7059621,7074,0.54707379,0,,914,0.5547046,1418,0.58885755,2262,0.57427056,3023,0.53721469,0.03705586999999999,Inscription of Ruin,B,rare,https://c1.scryfall.com/file/scryfall-cards/border_crop/front/9/3/93612079-0b8d-489d-9ae1-3593414a8cee.jpg?1604195857,,ZNR,73305,Sorcery
30605,7.6999183,3647,11.244036,1233,0.47445255,0,,177,0.49152542,283,0.4770318,429,0.48251748,467,0.47537473,0.0071427499999999755,Lithoform Blight,B,uncommon,https://c1.scryfall.com/file/scryfall-cards/border_crop/front/5/b/5b36d12e-9a68-4d3d-92e8-9840cd5320bc.jpg?1604195880,,ZNR,73306,Enchantment - Aura
60951,4.6159046,14541,5.9242143,46695,0.55327123,0,,9559,0.57495554,14857,0.583496,19257,0.57838708,17062,0.53241121,0.04597587000000003,Malakir Blood-Priest,B,common,https://c1.scryfall.com/file/scryfall-cards/border_crop/front/3/d/3d14ea81-d303-47db-90b4-7d10588f7ea6.jpg?1604195930,,ZNR,73307,Creature - Vampire Cleric
23181,4.2369613,5578,5.4291861,24647,0.53527813,0,,3425,0.53518248,4957,0.52330038,7977,0.52613765,10075,0.54957816,-0.023440510000000025,Malakir Rebirth,B,uncommon,https://c1.scryfall.com/file/scryfall-cards/border_crop/front/6/0/609d3ecf-f88d-4268-a8d3-4bf2bcf5df60.jpg?1604195984,https://c1.scryfall.com/file/scryfall-cards/border_crop/back/6/0/609d3ecf-f88d-4268-a8d3-4bf2bcf5df60.jpg?1604195984,ZNR,73308,Instant
63367,5.1021667,12121,6.6744493,31907,0.54097847,0,,6626,0.53833384,10823,0.54467338,13298,0.54572116,10736,0.53790984,0.007811320000000066,Marauding Blight-Priest,B,common,https://c1.scryfall.com/file/scryfall-cards/border_crop/front/7/3/730ddbcd-0814-4e22-85e9-78b0878324b6.jpg?1604195999,,ZNR,73310,Creature - Vampire Cleric
25550,5.9565949,3115,8.6558587,5237,0.53924002,0,,608,0.48848684,1075,0.53860465,1616,0.52351485,2021,0.55269668,-0.029181830000000075,Mind Carver,B,uncommon,https://c1.scryfall.com/file/scryfall-cards/border_crop/front/1/0/105b6e18-bcd8-43b7-870d-6c7e5c06f99b.jpg?1604196057,,ZNR,73311,Artifact - Equipment
76111,6.3339859,11094,8.9751217,27991,0.54556822,0,,4349,0.54495286,6817,0.56520464,10563,0.5564707,12636,0.54115226,0.015318439999999933,Mind Drain,B,common,https://c1.scryfall.com/file/scryfall-cards/border_crop/front/0/6/0683d586-a54b-425a-a24d-2efb2342f150.jpg?1604231429,,ZNR,73312,Sorcery
2041,1.3855953,1400,1.3492857,7176,0.56479933,0,,997,0.61384152,1830,0.62131148,2445,0.6208589,3064,0.52610966,0.09474923999999996,Nighthawk Scavenger,B,rare,https://c1.scryfall.com/file/scryfall-cards/border_crop/front/e/b/eb348f07-1d48-4877-8a56-60655d64a3f7.jpg?1604231416,,ZNR,73313,Creature - Vampire Rogue
77868,6.4799918,11548,9.1374264,28100,0.54021352,0,,4469,0.53031998,8280,0.53490338,10414,0.5347609,10883,0.54644859,-0.011687690000000028,Nimana Skitter-Sneak,B,common,https://c1.scryfall.com/file/scryfall-cards/border_crop/front/e/a/ea080141-6262-4595-8058-b2969b3f016b.jpg?1604196156,,ZNR,73314,Creature - Human Rogue
65398,5.0485489,10810,7.0663275,35019,0.5413347,0,,6229,0.5344357,10142,0.54683494,13518,0.54194407,13155,0.54283542,-0.0008913499999999575,Nimana Skydancer,B,common,https://c1.scryfall.com/file/scryfall-cards/border_crop/front/e/7/e72eaa0f-cbec-45a1-b390-cbbedf5a02f2.jpg?1604196242,,ZNR,73315,Creature - Human Rogue
2323,1.5256134,1580,1.5025316,7757,0.5549826,0,,1129,0.58458813,1834,0.61395856,2726,0.60344828,3308,0.52085852,0.08258975999999996,Nullpriest of Oblivion,B,rare,https://c1.scryfall.com/file/scryfall-cards/border_crop/front/0/8/086fc7fb-efcf-4676-8455-39b63edaec6a.jpg?1604196265,,ZNR,73316,Creature - Vampire Cleric
84229,7.8955348,8845,11.648954,5086,0.49488793,0,,650,0.45846154,1086,0.50828729,1630,0.48466258,1949,0.50487429,-0.02021170999999994,Oblivion's Hunger,B,common,https://c1.scryfall.com/file/scryfall-cards/border_crop/front/f/a/faf65512-8228-48f4-ba7b-d861b66d28c9.jpg?1604196298,,ZNR,73317,Instant
24975,4.6022823,5447,5.9366624,23012,0.53137493,0,,3033,0.5074184,4415,0.52276331,7136,0.51611547,9100,0.54637363,-0.030258160000000034,Pelakka Predation,B,uncommon,https://c1.scryfall.com/file/scryfall-cards/border_crop/front/e/6/e63f8b20-f45b-4293-9aac-cdc021939be6.jpg?1636491324,https://c1.scryfall.com/file/scryfall-cards/border_crop/back/e/6/e63f8b20-f45b-4293-9aac-cdc021939be6.jpg?1636491324,ZNR,73318,Sorcery
16077,3.5950737,3868,4.2468976,13787,0.52977443,0,,1967,0.54905948,3684,0.56080347,4797,0.55284553,5395,0.52011121,0.03273431999999998,Scion of the Swarm,B,uncommon,https://c1.scryfall.com/file/scryfall-cards/border_crop/front/0/4/043926fe-d25f-40b4-b556-181503434e68.jpg?1604196403,,ZNR,73320,Creature - Vampire Cleric
1204,1.6935216,610,1.6590164,2559,0.53262993,0,,291,0.54295533,564,0.54078014,779,0.54172015,1075,0.53023256,0.011487589999999992,Scourge of the Skyclaves,B,mythic,https://c1.scryfall.com/file/scryfall-cards/border_crop/front/4/d/4dea7bcc-3ff8-40b0-8264-0cd678d6ff31.jpg?1604196425,,ZNR,73321,Creature - Demon
18749,4.1324337,3954,5.2172484,14249,0.55154748,0,,2207,0.56048935,3830,0.54516971,5086,0.55112072,5734,0.55441228,-0.003291559999999971,Shadow Stinger,B,uncommon,https://c1.scryfall.com/file/scryfall-cards/border_crop/front/0/9/093e0b1e-2cd9-4743-9c0e-b8f3fbc41798.jpg?1604196460,,ZNR,73322,Creature - Vampire Rogue
5305,3.734213,898,4.6269488,1508,0.53050398,0,,169,0.47928994,265,0.55471698,433,0.52424942,594,0.53367003,-0.009420610000000051,Shadows' Verdict,B,rare,https://c1.scryfall.com/file/scryfall-cards/border_crop/front/5/2/52470883-b44d-415b-9324-8074e66f79ae.jpg?1604196514,,ZNR,73323,Sorcery
2452,1.6659869,1579,1.6453452,7742,0.55295789,0,,1121,0.60035682,1687,0.56194428,2668,0.57721139,3329,0.54701111,0.030200279999999968,Skyclave Shade,B,rare,https://c1.scryfall.com/file/scryfall-cards/border_crop/front/5/0/50bbc0e7-48ce-41e2-a014-1f2eb0427550.jpg?1604196541,,ZNR,73324,Creature - Shade
2452,1.6659869,1579,1.6453452,7742,0.55295789,0,,1121,0.60035682,1687,0.56194428,2668,0.57721139,3329,0.54701111,0.030200279999999968,Skyclave Shade,B,rare,https://c1.scryfall.com/file/scryfall-cards/border_crop/front/5/0/50bbc0e7-48ce-41e2-a014-1f2eb0427550.jpg?1604196541,,ZNR,74666,Creature - Shade
22104,4.9410966,3052,7.0825688,7687,0.49993496,0,,1003,0.51645065,1727,0.48581355,2365,0.50697674,2860,0.50384615,0.003130590000000044,Skyclave Shadowcat,B,uncommon,https://c1.scryfall.com/file/scryfall-cards/border_crop/front/b/2/b27fcfc5-a1a9-4b21-8240-2ed6346c64e1.jpg?1604196571,,ZNR,73325,Creature - Cat Horror
2811,1.909285,1436,1.928273,6482,0.53733416,0,,862,0.54408353,1252,0.57587859,2060,0.56262136,2821,0.53066289,0.03195846999999996,Soul Shatter,B,rare,https://c1.scryfall.com/file/scryfall-cards/border_crop/front/2/c/2c2fb07b-0f70-403b-be8b-b5217f12e671.jpg?1604196615,,ZNR,73326,Instant
67975,5.2761162,11920,7.254698,39000,0.54748718,0,,5837,0.56364571,8894,0.56217675,13423,0.5629144,15078,0.53846664,0.02444776000000004,Subtle Strike,B,common,https://c1.scryfall.com/file/scryfall-cards/border_crop/front/0/d/0d3f531a-ce45-4cba-be24-6db749e38abd.jpg?1604196642,,ZNR,73327,Instant
2263,1.4940345,1443,1.4608455,7211,0.5455554,0,,958,0.58663883,1662,0.56257521,2348,0.57793867,3184,0.53077889,0.047159779999999984,"Taborax, Hope's Demise",B,rare,https://c1.scryfall.com/file/scryfall-cards/border_crop/front/3/3/331bf97d-f447-4c68-bfc7-2bb593106d66.jpg?1604196668,,ZNR,73328,Legendary Creature - Demon Cleric
14073,3.1689761,5784,3.4514177,24313,0.55587546,0,,3291,0.54664236,5396,0.59951816,8234,0.57784795,10436,0.5419701,0.03587784999999999,Thwart the Grave,B,uncommon,https://c1.scryfall.com/file/scryfall-cards/border_crop/front/b/d/bd037e51-9088-4145-8289-00a86fb72ca1.jpg?1604252055,,ZNR,73329,Sorcery
49340,3.8097892,12443,4.7221731,45990,0.54540117,0,,7550,0.55350993,11364,0.56177402,16751,0.556325,17501,0.53916919,0.017155809999999994,Vanquish the Weak,B,common,https://c1.scryfall.com/file/scryfall-cards/border_crop/front/c/1/c15852d4-2c79-4841-bb65-6661d88fdfab.jpg?1604196688,,ZNR,73330,Instant
26498,4.8342139,6270,6.2360447,26731,0.542591,0,,3608,0.52937916,5366,0.54081252,8363,0.53509506,10616,0.55953278,-0.024437719999999996,Zof Consumption,B,uncommon,https://c1.scryfall.com/file/scryfall-cards/border_crop/front/9/8/98496d5b-1519-4f0c-8b46-0a43be643dfb.jpg?1604196785,https://c1.scryfall.com/file/scryfall-cards/border_crop/back/9/8/98496d5b-1519-4f0c-8b46-0a43be643dfb.jpg?1604196785,ZNR,73331,Sorcery
77710,7.2805559,8090,10.840667,6818,0.51657378,0,,1083,0.58910434,1445,0.43252595,2077,0.51227732,2018,0.52180377,-0.009526449999999964,Akoum Hellhound,R,common,https://c1.scryfall.com/file/scryfall-cards/border_crop/front/3/a/3a5ad1c8-3d70-43ed-9539-2aa6289c5c4a.jpg?1604196803,,ZNR,73333,Creature - Elemental Dog
77710,7.2805559,8090,10.840667,6818,0.51657378,0,,1083,0.58910434,1445,0.43252595,2077,0.51227732,2018,0.52180377,-0.009526449999999964,Akoum Hellhound,R,common,https://c1.scryfall.com/file/scryfall-cards/border_crop/front/3/a/3a5ad1c8-3d70-43ed-9539-2aa6289c5c4a.jpg?1604196803,,ZNR,74667,Creature - Elemental Dog
21778,4.0350813,6764,4.8805441,29902,0.54501371,0,,4070,0.53439803,6517,0.52278656,9299,0.53080976,12266,0.56138921,-0.030579449999999953,Akoum Warrior,R,uncommon,https://c1.scryfall.com/file/scryfall-cards/border_crop/front/d/8/d8ed0335-daa6-4dbe-a94d-4d56c8cfd093.jpg?1604196854,https://c1.scryfall.com/file/scryfall-cards/border_crop/back/d/8/d8ed0335-daa6-4dbe-a94d-4d56c8cfd093.jpg?1604196854,ZNR,73334,Creature - Minotaur Warrior
71919,5.7763317,16933,7.3584716,49820,0.5568045,0,,10471,0.57883679,14979,0.55103812,20745,0.56553386,18621,0.55335374,0.012180120000000016,Ardent Electromancer,R,common,https://c1.scryfall.com/file/scryfall-cards/border_crop/front/e/8/e8685c8e-935f-49f2-acf2-8e3c41c5b330.jpg?1604196868,,ZNR,73336,Creature - Human Wizard
24121,5.5191327,4000,7.6375,7581,0.5264477,0,,1003,0.53040877,1619,0.53798641,2450,0.5355102,2679,0.52370287,0.011807330000000005,Cinderclasm,R,uncommon,https://c1.scryfall.com/file/scryfall-cards/border_crop/front/5/5/5516cf97-805f-4a21-a4c6-2d6e55865336.jpg?1604196918,,ZNR,73337,Instant
85453,8.4224779,10803,11.841711,6073,0.50419891,0,,923,0.46587216,1304,0.48696319,1999,0.48124062,2278,0.51887621,-0.03763558999999994,Cleansing Wildfire,R,common,https://c1.scryfall.com/file/scryfall-cards/border_crop/front/4/9/492d77e5-acc6-41b8-8930-f39d69234919.jpg?1604196948,,ZNR,73338,Sorcery
70081,5.7104636,13062,7.642704,35824,0.55789415,0,,7675,0.57798046,10621,0.5327182,14498,0.55449027,13873,0.5684423,-0.013952030000000004,Expedition Champion,R,common,https://c1.scryfall.com/file/scryfall-cards/border_crop/front/3/0/30084dc1-f501-4b7c-972d-1a3b9137083a.jpg?1604196963,,ZNR,73339,Creature - Human Warrior
23194,5.1266276,4355,6.8029851,13463,0.56287603,0,,2198,0.56596906,2821,0.54696916,4616,0.55784229,6124,0.57005225,-0.012209960000000075,Fireblade Charger,R,uncommon,https://c1.scryfall.com/file/scryfall-cards/border_crop/front/c/a/ca657846-f352-4ac4-b2b3-d0ced6607163.jpg?1604259130,,ZNR,73340,Creature - Goblin Warrior
76099,6.2485184,15015,8.2543457,44044,0.55115339,0,,8310,0.55872443,11867,0.53307491,17072,0.54978913,17084,0.55660267,-0.006813540000000007,Fissure Wizard,R,common,https://c1.scryfall.com/file/scryfall-cards/border_crop/front/9/f/9fa10a18-5059-46ab-9983-0ea78b507331.jpg?1604197025,,ZNR,73341,Creature - Goblin Wizard
19068,4.1227187,5054,4.9806094,19654,0.57123232,0,,3546,0.60152284,4472,0.55679785,7116,0.57504216,8539,0.57676543,-0.0017232700000000545,Goma Fada Vanguard,R,uncommon,https://c1.scryfall.com/file/scryfall-cards/border_crop/front/c/e/ce83962b-445a-4b44-ad8a-fada2c0a15b8.jpg?1610393911,,ZNR,73342,Creature - Human Warrior
64907,5.1524335,18160,6.2147026,50603,0.55943324,0,,12504,0.60740563,16888,0.55287778,22730,0.57474703,17578,0.54852657,0.02622046,Grotag Bug-Catcher,R,common,https://c1.scryfall.com/file/scryfall-cards/border_crop/front/5/b/5b310b01-f9cb-48ce-8af3-5957d3abf098.jpg?1604197094,,ZNR,73343,Creature - Goblin Warrior
21083,4.4843239,4432,5.8689079,16629,0.54591377,0,,2411,0.5483202,3655,0.51326949,5489,0.53270177,7375,0.56488136,-0.032179590000000036,Grotag Night-Runner,R,uncommon,https://c1.scryfall.com/file/scryfall-cards/border_crop/front/0/5/0568341b-f972-407f-92ce-1b7c9ef742f6.jpg?1604197135,,ZNR,73344,Creature - Goblin Rogue
83656,7.7268457,12107,10.816057,19320,0.54270186,0,,2789,0.5191825,4266,0.52742616,6638,0.52756854,8813,0.56484738,-0.037278840000000035,Inordinate Rage,R,common,https://c1.scryfall.com/file/scryfall-cards/border_crop/front/d/0/d0f62bdc-50a0-41a0-ac37-9b0eeb21b6aa.jpg?1604197186,,ZNR,73345,Instant
2897,1.973766,1568,1.9521684,7782,0.57247494,0,,1094,0.64533821,1436,0.57799443,2403,0.61007074,3521,0.55808009,0.051990649999999916,Kargan Intimidator,R,rare,https://c1.scryfall.com/file/scryfall-cards/border_crop/front/0/8/0885acdc-9b4c-4e28-8785-9e721a27e81e.jpg?1604197242,,ZNR,73346,Creature - Human Warrior
23536,4.3958192,6796,5.3921424,30133,0.5474065,0,,4357,0.54326371,6601,0.55188608,9866,0.54348267,12565,0.56044568,-0.01696301,Kazuul's Fury,R,uncommon,https://c1.scryfall.com/file/scryfall-cards/border_crop/front/7/5/75240bbc-adc7-48ff-9523-c79776d710d3.jpg?1636491308,https://c1.scryfall.com/file/scryfall-cards/border_crop/back/7/5/75240bbc-adc7-48ff-9523-c79776d710d3.jpg?1636491308,ZNR,73347,Instant
1089,1.3755739,811,1.3427867,3932,0.56510682,0,,507,0.63905325,930,0.59569892,1286,0.62674961,1748,0.53947368,0.08727593,Leyline Tyrant,R,mythic,https://c1.scryfall.com/file/scryfall-cards/border_crop/front/8/4/847ae75b-1c0f-4d0a-9933-9a302c88dc27.jpg?1604197374,,ZNR,73349,Creature - Dragon
3210,2.2299065,1624,2.2623153,7635,0.56398166,0,,1145,0.60524017,1669,0.5710006,2671,0.58592288,3346,0.55499103,0.030931849999999983,Magmatic Channeler,R,rare,https://c1.scryfall.com/file/scryfall-cards/border_crop/front/d/8/d8be6570-5b5f-4ffc-a5e5-67d7c41c8caa.jpg?1604197412,,ZNR,73350,Creature - Human Wizard
79283,6.9615428,11264,9.9514382,19103,0.52834633,0,,2386,0.52682313,3796,0.51501581,5835,0.52305056,7290,0.54471879,-0.021668229999999955,Molten Blast,R,common,https://c1.scryfall.com/file/scryfall-cards/border_crop/front/b/b/bb1beef2-788b-469b-883b-cf1cca04eeff.jpg?1604197442,,ZNR,73351,Instant
1075,1.5162791,727,1.4332875,3213,0.52505447,0,,358,0.55865922,731,0.54309166,1029,0.55004859,1405,0.51601423,0.03403435999999993,"Moraug, Fury of Akoum",R,mythic,https://c1.scryfall.com/file/scryfall-cards/border_crop/front/c/c/cc5eacd7-aaa7-4720-9794-52e7b098c82c.jpg?1604197464,,ZNR,73352,Legendary Creature - Minotaur Warrior
1075,1.5162791,727,1.4332875,3213,0.52505447,0,,358,0.55865922,731,0.54309166,1029,0.55004859,1405,0.51601423,0.03403435999999993,"Moraug, Fury of Akoum",R,mythic,https://c1.scryfall.com/file/scryfall-cards/border_crop/front/c/c/cc5eacd7-aaa7-4720-9794-52e7b098c82c.jpg?1604197464,,ZNR,74668,Legendary Creature - Minotaur Warrior
7964,5.2189854,1113,7.4447439,712,0.47050562,0,,84,0.45238095,108,0.4537037,192,0.453125,320,0.503125,-0.050000000000000044,Nahiri's Lithoforming,R,rare,https://c1.scryfall.com/file/scryfall-cards/border_crop/front/0/6/06bb4bc1-6ef9-4015-9f5f-36f51dbac87e.jpg?1604197501,,ZNR,73353,Sorcery
78775,6.6703015,14078,9.1063361,36233,0.54740154,0,,5125,0.55258537,8940,0.55190157,12416,0.55678157,14928,0.54910236,0.007679209999999936,Pyroclastic Hellion,R,common,https://c1.scryfall.com/file/scryfall-cards/border_crop/front/5/9/5929c89b-8c61-47f5-a8ec-b64bf41e9d5b.jpg?1604263001,,ZNR,73354,Creature - Hellion
3178,2.1069855,1450,2.1565517,7051,0.55594951,0,,968,0.60433884,1315,0.5756654,2208,0.58695652,3154,0.54153456,0.04542195999999998,Relic Robber,R,rare,https://c1.scryfall.com/file/scryfall-cards/border_crop/front/4/5/4540205c-eee8-4db3-8757-710de874b313.jpg?1604197560,,ZNR,73355,Creature - Goblin Rogue
17108,3.8243512,6082,4.1961526,21820,0.54225481,0,,3497,0.56362597,6071,0.55526272,8139,0.55780808,8261,0.52669168,0.031116400000000044,Rockslide Sorcerer,R,uncommon,https://c1.scryfall.com/file/scryfall-cards/border_crop/front/e/1/e105c546-ce4f-49c7-97ba-ea5fbe70df82.jpg?1604197586,,ZNR,73356,Creature - Human Wizard
36142,2.9298323,17238,3.2339599,58452,0.55392459,0,,11700,0.56393162,18459,0.5847554,23764,0.57406161,21296,0.53747183,0.036589780000000016,Roil Eruption,R,common,https://c1.scryfall.com/file/scryfall-cards/border_crop/front/8/6/86572747-8faa-4242-b059-07d11e6be1cd.jpg?1604197631,,ZNR,73357,Sorcery
8066,5.2982891,1039,7.9643888,274,0.42335766,0,,30,0.33333333,53,0.37735849,81,0.34567901,128,0.484375,-0.13869599,Roiling Vortex,R,rare,https://c1.scryfall.com/file/scryfall-cards/border_crop/front/0/b/0b057eb7-8439-4d26-89df-c345ab2773e1.jpg?1604197684,,ZNR,73358,Enchantment
82050,7.6498111,9833,10.984237,12379,0.54091607,0,,1641,0.54052407,2367,0.50401352,3744,0.52350427,5080,0.56358268,-0.04007841000000001,Scavenged Blade,R,common,https://c1.scryfall.com/file/scryfall-cards/border_crop/front/3/2/3280f0d0-de0d-4f87-a6ef-c941cb7c9784.jpg?1604197699,,ZNR,73359,Artifact - Equipment
80772,7.0216783,11828,9.883835,24248,0.5400033,0,,3644,0.5219539,5658,0.52315306,8223,0.53022011,10103,0.55557755,-0.025357439999999953,Scorch Rider,R,common,https://c1.scryfall.com/file/scryfall-cards/border_crop/front/9/e/9ec9d3eb-4729-49a9-8146-7388ff2629df.jpg?1604197733,,ZNR,73360,Creature - Human Warrior
2945,2.0047538,1577,1.9860495,7650,0.56169935,0,,1003,0.57328016,2372,0.5767285,2396,0.57929883,3487,0.55348437,0.025814460000000095,Shatterskull Charger,R,rare,https://c1.scryfall.com/file/scryfall-cards/border_crop/front/6/c/6c6d6bc3-2162-4c2b-a5de-25103e706e37.jpg?1604197751,,ZNR,73361,Creature - Giant Warrior
17770,3.8522228,5557,4.4711175,22722,0.56729161,0,,3369,0.60225586,5542,0.56423674,7992,0.58095596,10049,0.56105085,0.01990511000000006,Shatterskull Minotaur,R,uncommon,https://c1.scryfall.com/file/scryfall-cards/border_crop/front/9/d/9d311f5f-ad68-48d4-aa5d-66916034ddb9.jpg?1604197791,,ZNR,73362,Creature - Minotaur Warrior
1268,1.7444795,811,1.7262639,3767,0.54711972,0,,518,0.56177606,810,0.57160494,1202,0.56239601,1624,0.54433498,0.018061029999999922,Shatterskull Smashing,R,mythic,https://c1.scryfall.com/file/scryfall-cards/border_crop/front/b/c/bc7239ea-f8aa-4a6f-87bd-c35359635673.jpg?1604197844,https://c1.scryfall.com/file/scryfall-cards/border_crop/back/b/c/bc7239ea-f8aa-4a6f-87bd-c35359635673.jpg?1604197844,ZNR,73363,Sorcery
83400,7.9879376,9529,11.517368,6471,0.51213105,0,,792,0.47474747,1199,0.47873228,1869,0.4847512,2402,0.5378851,-0.05313390000000001,Sizzling Barrage,R,common,https://c1.scryfall.com/file/scryfall-cards/border_crop/front/1/b/1bf5843a-a01f-4d1c-b8fe-c586d5160f6e.jpg?1604197870,,ZNR,73365,Instant
19773,4.407222,4336,5.6353782,14454,0.54773765,0,,2255,0.57117517,3235,0.53323029,4869,0.55103717,6006,0.54878455,0.0022526199999999275,Skyclave Geopede,R,uncommon,https://c1.scryfall.com/file/scryfall-cards/border_crop/front/d/b/db9103c9-084f-4ad2-8b7b-ca52be97619d.jpg?1604197899,,ZNR,73366,Creature - Insect
19773,4.407222,4336,5.6353782,14454,0.54773765,0,,2255,0.57117517,3235,0.53323029,4869,0.55103717,6006,0.54878455,0.0022526199999999275,Skyclave Geopede,R,uncommon,https://c1.scryfall.com/file/scryfall-cards/border_crop/front/d/b/db9103c9-084f-4ad2-8b7b-ca52be97619d.jpg?1604197899,,ZNR,74669,Creature - Insect
84385,7.9018427,14641,10.443276,29716,0.56249159,0,,5308,0.58722683,7135,0.52305536,11441,0.5548466,13724,0.57191781,-0.017071210000000003,Sneaking Guide,R,common,https://c1.scryfall.com/file/scryfall-cards/border_crop/front/5/6/569c9e8c-7808-49d0-82c1-72d5b835f51c.jpg?1604263538,,ZNR,73367,Creature - Goblin Rogue
25231,4.7025088,5660,6.2355124,24231,0.54566464,0,,3226,0.55176689,5047,0.53398058,7499,0.53713829,9812,0.56094578,-0.02380748999999993,Song-Mad Treachery,R,uncommon,https://c1.scryfall.com/file/scryfall-cards/border_crop/front/7/8/782ca27f-9f18-476c-b582-89c06fb2e322.jpg?1604198011,https://c1.scryfall.com/file/scryfall-cards/border_crop/back/7/8/782ca27f-9f18-476c-b582-89c06fb2e322.jpg?1604198011,ZNR,73368,Sorcery
23835,4.3465492,5953,5.5313287,26150,0.54543021,0,,3790,0.55197889,5369,0.54088285,8559,0.54585816,10894,0.55727924,-0.011421079999999972,Spikefield Hazard,R,uncommon,https://c1.scryfall.com/file/scryfall-cards/border_crop/front/a/6/a69541db-3f4e-412f-aa8e-dec1e74f74dc.jpg?1604198070,https://c1.scryfall.com/file/scryfall-cards/border_crop/back/a/6/a69541db-3f4e-412f-aa8e-dec1e74f74dc.jpg?1604198070,ZNR,73370,Instant
79719,7.1846235,10328,10.420023,13637,0.52342891,0,,1900,0.52473684,3079,0.50113673,4322,0.51295696,4862,0.5370218,-0.024064839999999976,Spitfire Lagac,R,common,https://c1.scryfall.com/file/scryfall-cards/border_crop/front/4/7/47f26493-812f-4c14-91c4-d2ab549a7b8a.jpg?1604198100,,ZNR,73372,Creature - Lizard
79719,7.1846235,10328,10.420023,13637,0.52342891,0,,1900,0.52473684,3079,0.50113673,4322,0.51295696,4862,0.5370218,-0.024064839999999976,Spitfire Lagac,R,common,https://c1.scryfall.com/file/scryfall-cards/border_crop/front/4/7/47f26493-812f-4c14-91c4-d2ab549a7b8a.jpg?1604198100,,ZNR,74670,Creature - Lizard
69978,5.6301981,11792,7.8588026,34286,0.54188298,0,,4652,0.52364574,7799,0.53942813,11285,0.53575543,13345,0.55698764,-0.021232209999999974,Synchronized Spellcraft,R,common,https://c1.scryfall.com/file/scryfall-cards/border_crop/front/d/8/d87f4637-1ad3-4d61-98ff-98c0b0be46a1.jpg?1604198129,,ZNR,73373,Instant
79822,6.9668638,12664,9.6050221,29695,0.54739855,0,,5208,0.54569892,7138,0.52633791,10909,0.53927949,12289,0.56066401,-0.021384520000000018,Teeterpeak Ambusher,R,common,https://c1.scryfall.com/file/scryfall-cards/border_crop/front/a/d/ad57c2f3-d9cb-4165-bb39-897b5b12689e.jpg?1604198176,,ZNR,73374,Creature - Goblin Warrior
11505,2.6066058,5307,2.8153382,23687,0.557521,0,,3619,0.58165239,5449,0.57753716,8277,0.57847046,10029,0.54711337,0.031357089999999976,Thundering Rebuke,R,uncommon,https://c1.scryfall.com/file/scryfall-cards/border_crop/front/d/c/dc671707-4708-44d8-8ec8-d5332599adf9.jpg?1636491293,,ZNR,73375,Sorcery
16340,3.5471236,5764,4.0770298,22818,0.56131125,0,,3573,0.59473832,5343,0.58113419,8159,0.58585611,9753,0.5442428,0.041613310000000014,Thundering Sparkmage,R,uncommon,https://c1.scryfall.com/file/scryfall-cards/border_crop/front/a/9/a9e6de80-3516-426b-8a1b-bda45f8c0cac.jpg?1604198226,,ZNR,73376,Creature - Human Wizard
86287,8.426785,11122,11.852545,7537,0.52116227,0,,963,0.47040498,1509,0.48707753,2367,0.47697507,2890,0.54844291,-0.07146784,Tormenting Voice,R,common,https://c1.scryfall.com/file/scryfall-cards/border_crop/front/6/d/6da46103-a14c-4aa2-92fc-fd758335caf4.jpg?1604198268,,ZNR,73377,Sorcery
86379,8.882564,9072,12.849206,1426,0.47475456,0,,162,0.47530864,234,0.43162393,368,0.44836957,570,0.50877193,-0.06040235999999999,Tuktuk Rubblefort,R,common,https://c1.scryfall.com/file/scryfall-cards/border_crop/front/0/2/02eedf9d-e26c-405c-aee5-1b3493dc5e9b.jpg?1604198284,,ZNR,73378,Creature - Wall
5279,3.4014018,1378,4.0406386,5444,0.52112417,0,,755,0.50066225,1096,0.49726277,1740,0.49425287,2172,0.54972376,-0.055470889999999995,Valakut Awakening,R,rare,https://c1.scryfall.com/file/scryfall-cards/border_crop/front/2/2/228e551e-023a-4c9a-8f32-58dae6ffdf7f.jpg?1604198379,https://c1.scryfall.com/file/scryfall-cards/border_crop/back/2/2/228e551e-023a-4c9a-8f32-58dae6ffdf7f.jpg?1604198379,ZNR,73379,Instant
3716,2.755113,1309,2.8395722,5244,0.53051106,0,,663,0.46606335,1003,0.53140578,1655,0.50634441,2397,0.55611181,-0.04976740000000002,Valakut Exploration,R,rare,https://c1.scryfall.com/file/scryfall-cards/border_crop/front/1/8/18cb7bf6-9c7c-4e62-a678-7b75862e2f64.jpg?1604263135,,ZNR,73381,Enchantment
3716,2.755113,1309,2.8395722,5244,0.53051106,0,,663,0.46606335,1003,0.53140578,1655,0.50634441,2397,0.55611181,-0.04976740000000002,Valakut Exploration,R,rare,https://c1.scryfall.com/file/scryfall-cards/border_crop/front/1/8/18cb7bf6-9c7c-4e62-a678-7b75862e2f64.jpg?1604263135,,ZNR,74671,Enchantment
7335,4.8239945,888,6.9436937,817,0.5128519,0,,79,0.48101266,97,0.5257732,172,0.51744186,280,0.55,-0.03255814000000001,Wayward Guide-Beast,R,rare,https://c1.scryfall.com/file/scryfall-cards/border_crop/front/d/0/d00f8ab0-61cd-4721-b974-a2516da77d39.jpg?1604198443,,ZNR,73382,Creature - Beast
85298,8.2549181,7768,12.306643,1771,0.48447205,0,,201,0.51243781,287,0.4738676,473,0.48414376,592,0.4847973,-0.000653540000000008,Adventure Awaits,G,common,https://c1.scryfall.com/file/scryfall-cards/border_crop/front/d/b/db50f988-da46-4b9b-9cc5-78497df2df8b.jpg?1604198469,,ZNR,73383,Sorcery
1139,1.5329236,596,1.4697987,2494,0.5180433,0,,278,0.60431655,539,0.54359926,750,0.56666667,1018,0.48722986,0.07943681000000002,Ancient Greenwarden,G,mythic,https://c1.scryfall.com/file/scryfall-cards/border_crop/front/d/f/dfe08e59-fdc4-436f-b05c-6ad386c46310.jpg?1604198488,,ZNR,73384,Creature - Elemental
1041,1.3861671,681,1.3715125,2924,0.52941176,0,,326,0.58895706,599,0.61435726,872,0.60550459,1166,0.47341338,0.13209121000000001,"Ashaya, Soul of the Wild",G,mythic,https://c1.scryfall.com/file/scryfall-cards/border_crop/front/7/4/74943390-d25f-47cb-90bb-cbf70c87f4a2.jpg?1604198513,,ZNR,73385,Legendary Creature - Elemental
21446,3.9976686,5525,4.8738462,22210,0.52134174,0,,3028,0.51453104,5290,0.55652174,7295,0.53214531,8405,0.52123736,0.01090795,Bala Ged Recovery,G,uncommon,https://c1.scryfall.com/file/scryfall-cards/border_crop/front/c/5/c5cb3052-358d-44a7-8cfd-cd31b236494a.jpg?1604263635,https://c1.scryfall.com/file/scryfall-cards/border_crop/back/c/5/c5cb3052-358d-44a7-8cfd-cd31b236494a.jpg?1604263635,ZNR,73386,Sorcery
85283,8.1522812,8836,11.943979,6495,0.51362587,0,,760,0.49605263,1398,0.52718169,2060,0.51796117,2670,0.50262172,0.015339449999999921,Broken Wings,G,common,https://c1.scryfall.com/file/scryfall-cards/border_crop/front/c/0/c0fc2dfd-85b0-4add-be18-b39549235921.jpg?1604198611,,ZNR,73388,Instant
64035,5.0934333,8727,7.1722241,24584,0.52139603,0,,4035,0.5425031,6648,0.52181107,8785,0.53204326,8554,0.50935235,0.02269091000000001,Canopy Baloth,G,common,https://c1.scryfall.com/file/scryfall-cards/border_crop/front/6/b/6b04160c-89a7-4dcd-b05d-5dc846824d64.jpg?1604198638,,ZNR,73389,Creature - Beast
64035,5.0934333,8727,7.1722241,24584,0.52139603,0,,4035,0.5425031,6648,0.52181107,8785,0.53204326,8554,0.50935235,0.02269091000000001,Canopy Baloth,G,common,https://c1.scryfall.com/file/scryfall-cards/border_crop/front/6/b/6b04160c-89a7-4dcd-b05d-5dc846824d64.jpg?1604198638,,ZNR,74672,Creature - Beast
2908,2.0780605,959,2.0698644,3897,0.5068001,0,,428,0.44626168,826,0.53874092,1227,0.50529747,1564,0.51470588,-0.009408409999999923,Cragplate Baloth,G,rare,https://c1.scryfall.com/file/scryfall-cards/border_crop/front/a/b/ab62382d-2dc9-4a60-b031-c845ebad0357.jpg?1604198667,,ZNR,73390,Creature - Beast
74686,6.1659615,8501,9.005764,19972,0.50716002,0,,3119,0.506252,4626,0.50151319,6775,0.50642066,6679,0.51235215,-0.005931490000000039,Dauntless Survivor,G,common,https://c1.scryfall.com/file/scryfall-cards/border_crop/front/5/2/52b1b4a2-52a7-4fcd-aa96-f7d9e459657b.jpg?1604198710,,ZNR,73391,Creature - Human Warrior
59452,4.5701743,11517,6.036381,35333,0.51852376,0,,6810,0.510279,11260,0.52806394,14104,0.52595009,11675,0.51023555,0.015714540000000055,Gnarlid Colony,G,common,https://c1.scryfall.com/file/scryfall-cards/border_crop/front/7/3/7327289d-eed8-44b1-8495-7172e2b49d5f.jpg?1604198764,,ZNR,73392,Creature - Beast
2462,1.6567831,1357,1.6293294,6323,0.55748853,0,,818,0.60146699,1675,0.67283582,2123,0.63212435,2621,0.50820298,0.12392137000000003,Inscription of Abundance,G,rare,https://c1.scryfall.com/file/scryfall-cards/border_crop/front/f/c/fcd2e01e-a143-4b62-8b01-d253fb35c590.jpg?1604198784,,ZNR,73393,Instant
21044,4.7299943,2959,6.4214262,7111,0.48361693,0,,899,0.47608454,1644,0.47080292,2213,0.48395843,2667,0.48968879,-0.00573035999999999,Iridescent Hornbeetle,G,uncommon,https://c1.scryfall.com/file/scryfall-cards/border_crop/front/2/1/214ef641-b08c-42d0-94a5-3054fa7fcebc.jpg?1604263662,,ZNR,73394,Creature - Insect
65152,5.0552094,10081,6.9367126,31037,0.52904598,0,,5417,0.53812073,8797,0.55143799,11754,0.5456015,11080,0.516787,0.028814499999999965,Joraga Visionary,G,common,https://c1.scryfall.com/file/scryfall-cards/border_crop/front/a/1/a1ea2c17-382a-45e4-ac34-88bf8ba47169.jpg?1604198895,,ZNR,73395,Creature - Elf Wizard
2625,1.7908571,1265,1.76917,5602,0.52445555,0,,801,0.55305868,1244,0.55144695,1842,0.55537459,2244,0.50178253,0.05359206000000005,Kazandu Mammoth,G,rare,https://c1.scryfall.com/file/scryfall-cards/border_crop/front/2/f/2f632537-63bf-4490-86e6-e6067b9c1a3b.jpg?1604198971,https://c1.scryfall.com/file/scryfall-cards/border_crop/back/2/f/2f632537-63bf-4490-86e6-e6067b9c1a3b.jpg?1604198971,ZNR,73396,Creature - Elephant
2625,1.7908571,1265,1.76917,5602,0.52445555,0,,801,0.55305868,1244,0.55144695,1842,0.55537459,2244,0.50178253,0.05359206000000005,Kazandu Mammoth,G,rare,https://c1.scryfall.com/file/scryfall-cards/border_crop/front/2/f/2f632537-63bf-4490-86e6-e6067b9c1a3b.jpg?1604198971,https://c1.scryfall.com/file/scryfall-cards/border_crop/back/2/f/2f632537-63bf-4490-86e6-e6067b9c1a3b.jpg?1604198971,ZNR,74673,Creature - Elephant
79731,7.1908041,9062,10.385125,14140,0.5053041,0,,2156,0.50881262,3486,0.48537005,4965,0.50030211,5041,0.51358857,-0.01328646,Kazandu Nectarpot,G,common,https://c1.scryfall.com/file/scryfall-cards/border_crop/front/7/c/7c9d3f4a-ef83-454e-b8a1-1fc5d5f44be8.jpg?1604198994,,ZNR,73398,Creature - Insect
79731,7.1908041,9062,10.385125,14140,0.5053041,0,,2156,0.50881262,3486,0.48537005,4965,0.50030211,5041,0.51358857,-0.01328646,Kazandu Nectarpot,G,common,https://c1.scryfall.com/file/scryfall-cards/border_crop/front/7/c/7c9d3f4a-ef83-454e-b8a1-1fc5d5f44be8.jpg?1604198994,,ZNR,74675,Creature - Insect
75109,6.2454965,10348,8.7906842,29127,0.51313215,0,,3767,0.49323069,7221,0.51128653,9780,0.51145194,10980,0.51520947,-0.003757529999999898,Kazandu Stomper,G,common,https://c1.scryfall.com/file/scryfall-cards/border_crop/front/a/f/afdfe5aa-8b15-4a89-a22a-03baf6afa4e7.jpg?1604199049,,ZNR,73399,Creature - Beast
17630,3.3270562,4704,3.9817177,19896,0.52050663,0,,2672,0.52058383,4539,0.54064772,6317,0.53015672,7444,0.51786674,0.012289980000000034,Khalni Ambush,G,uncommon,https://c1.scryfall.com/file/scryfall-cards/border_crop/front/9/9/99535539-aa73-41ed-86ab-21c97b92620d.jpg?1604337759,https://c1.scryfall.com/file/scryfall-cards/border_crop/back/9/9/99535539-aa73-41ed-86ab-21c97b92620d.jpg?1604337759,ZNR,73400,Instant
2782,1.9198418,1144,1.9318182,4811,0.52608605,0,,665,0.59398496,926,0.50215983,1556,0.54177378,2024,0.52272727,0.019046510000000016,Lotus Cobra,G,rare,https://c1.scryfall.com/file/scryfall-cards/border_crop/front/a/4/a4b759f0-901f-4be3-93fa-224609b08d48.jpg?1604199124,,ZNR,73402,Creature - Snake
2782,1.9198418,1144,1.9318182,4811,0.52608605,0,,665,0.59398496,926,0.50215983,1556,0.54177378,2024,0.52272727,0.019046510000000016,Lotus Cobra,G,rare,https://c1.scryfall.com/file/scryfall-cards/border_crop/front/a/4/a4b759f0-901f-4be3-93fa-224609b08d48.jpg?1604199124,,ZNR,74676,Creature - Snake
80903,7.0460675,9515,10.198634,18057,0.51891233,0,,2403,0.53141906,4632,0.542962,6248,0.53617157,6765,0.50909091,0.02708066000000009,Might of Murasa,G,common,https://c1.scryfall.com/file/scryfall-cards/border_crop/front/4/2/42914fd9-e56e-4c3e-a445-fdfa45a45178.jpg?1604199153,,ZNR,73403,Instant
82394,7.3558633,9394,10.645731,13819,0.52065996,0,,2080,0.51778846,3063,0.51714006,4543,0.51904028,4976,0.52230707,-0.003266789999999964,Murasa Brute,G,common,https://c1.scryfall.com/file/scryfall-cards/border_crop/front/e/f/efe1c5b2-4356-41ae-ab7e-ad9fc835a911.jpg?1604199177,,ZNR,73404,Creature - Troll Warrior
16553,3.6674923,4697,4.2682563,17259,0.53085347,0,,2679,0.52034341,4866,0.57377723,6439,0.55086194,6320,0.51139241,0.039469529999999975,Murasa Sproutling,G,uncommon,https://c1.scryfall.com/file/scryfall-cards/border_crop/front/f/5/f53472b7-53da-4833-b7f9-204706dfb721.jpg?1604199192,,ZNR,73405,Creature - Plant Elemental
82304,7.815088,8733,11.358411,7683,0.48939216,0,,867,0.46251442,1400,0.49214286,2100,0.48285714,2430,0.49135802,-0.008500879999999988,Nissa's Zendikon,G,common,https://c1.scryfall.com/file/scryfall-cards/border_crop/front/f/d/fd37ea0e-ff72-4522-aa5b-d46bff832a34.jpg?1604199233,,ZNR,73406,Enchantment - Aura
2584,1.7844427,1186,1.762226,5329,0.53462188,0,,737,0.58751696,1143,0.55205599,1741,0.56978748,2217,0.51059991,0.05918756999999997,Oran-Rief Ooze,G,rare,https://c1.scryfall.com/file/scryfall-cards/border_crop/front/f/d/fd2ad967-dd77-4c3a-b53c-2929ecf7750f.jpg?1604199256,,ZNR,73407,Creature - Ooze
50608,3.9729885,10010,5.16004,33117,0.52707069,0,,5606,0.53032465,9592,0.56849458,12329,0.55105848,11284,0.50779865,0.04325983,Rabid Bite,G,common,https://c1.scryfall.com/file/scryfall-cards/border_crop/front/e/f/effe3fab-6d13-4603-8a21-8a3c2a0d9e08.jpg?1604199283,,ZNR,73408,Sorcery
72391,5.9717921,11548,8.056027,30174,0.50669451,0,,5616,0.50195869,8748,0.51977595,12065,0.50915872,11049,0.50963888,-0.00048016000000006276,Reclaim the Wastes,G,common,https://c1.scryfall.com/file/scryfall-cards/border_crop/front/8/0/805faf2e-97dc-4b77-bc02-a4cae980f041.jpg?1604199307,,ZNR,73409,Sorcery
19226,4.2721315,3245,5.575963,10383,0.49947029,0,,1422,0.48101266,2145,0.51095571,3359,0.49538553,4209,0.50867189,-0.013286359999999997,Roiling Regrowth,G,uncommon,https://c1.scryfall.com/file/scryfall-cards/border_crop/front/f/a/fa259096-b24f-414c-af59-301bed4b4627.jpg?1604263848,,ZNR,73410,Instant
76717,6.7441375,6644,10.444913,9398,0.50680996,0,,1261,0.50039651,1812,0.51710817,2837,0.51321819,3433,0.51092339,0.0022948000000000413,Scale the Heights,G,common,https://c1.scryfall.com/file/scryfall-cards/border_crop/front/e/7/e781d6ad-950e-49bf-9645-e2354086ae49.jpg?1604199378,,ZNR,73411,Sorcery
2213,1.550836,1351,1.4855662,6266,0.53686562,0,,808,0.58539604,1307,0.5807192,2040,0.58333333,2592,0.50733025,0.07600308,Scute Swarm,G,rare,https://c1.scryfall.com/file/scryfall-cards/border_crop/front/6/1/61f42823-8a48-4b81-a037-664ba1c69f29.jpg?1604199402,,ZNR,73412,Creature - Insect
2213,1.550836,1351,1.4855662,6266,0.53686562,0,,808,0.58539604,1307,0.5807192,2040,0.58333333,2592,0.50733025,0.07600308,Scute Swarm,G,rare,https://c1.scryfall.com/file/scryfall-cards/border_crop/front/6/1/61f42823-8a48-4b81-a037-664ba1c69f29.jpg?1604199402,,ZNR,74677,Creature - Insect
23808,5.4738323,2570,8.0988327,5237,0.49150277,0,,642,0.46728972,863,0.44843569,1432,0.45740223,1969,0.50533266,-0.04793042999999997,Skyclave Pick-Axe,G,uncommon,https://c1.scryfall.com/file/scryfall-cards/border_crop/front/9/9/9965a54b-8b22-418c-9a0d-bf154932f2e2.jpg?1604199440,,ZNR,73413,Artifact - Equipment
23808,5.4738323,2570,8.0988327,5237,0.49150277,0,,642,0.46728972,863,0.44843569,1432,0.45740223,1969,0.50533266,-0.04793042999999997,Skyclave Pick-Axe,G,uncommon,https://c1.scryfall.com/file/scryfall-cards/border_crop/front/9/9/9965a54b-8b22-418c-9a0d-bf154932f2e2.jpg?1604199440,,ZNR,74678,Artifact - Equipment
26036,5.9254878,3258,8.7077962,6110,0.48756137,0,,792,0.46717172,1474,0.5027137,1991,0.49673531,2306,0.48222029,0.01451501999999999,Springmantle Cleric,G,uncommon,https://c1.scryfall.com/file/scryfall-cards/border_crop/front/8/d/8d822730-6d81-4dbc-a3c3-ce96d29a1078.jpg?1604199462,,ZNR,73414,Creature - Elf Cleric
86826,8.5937853,8103,12.598174,1386,0.44227994,0,,155,0.43870968,256,0.50390625,363,0.4738292,440,0.44090909,0.03292011,Strength of Solidarity,G,common,https://c1.scryfall.com/file/scryfall-cards/border_crop/front/0/9/090b3da4-c942-480e-9997-bb9c20e8d62d.jpg?1604199496,,ZNR,73415,Sorcery
3070,2.0905537,1041,2.1210375,4417,0.52116821,0,,554,0.60649819,919,0.51360174,1395,0.54982079,1796,0.49888641,0.050934379999999946,Swarm Shambler,G,rare,https://c1.scryfall.com/file/scryfall-cards/border_crop/front/7/a/7a7e4f99-ece4-473e-b712-40e4c53558e8.jpg?1604199508,,ZNR,73416,Creature - Fungus Beast
71701,5.7788734,7846,8.5853938,22625,0.51933702,0,,3427,0.54537496,5657,0.52359908,8013,0.53637839,8683,0.50777381,0.02860457999999999,Tajuru Blightblade,G,common,https://c1.scryfall.com/file/scryfall-cards/border_crop/front/7/f/7f3d6020-6767-406c-bf28-6b3e9ae72f50.jpg?1604199530,,ZNR,73417,Creature - Elf Rogue
3047,2.1467017,1243,2.1230893,5400,0.53518519,0,,694,0.59221902,1110,0.55495495,1711,0.56516657,2193,0.51025992,0.05490665000000006,Tajuru Paragon,G,rare,https://c1.scryfall.com/file/scryfall-cards/border_crop/front/a/0/a045dd0f-953a-4022-8f29-0758f2b6ccaa.jpg?1604199581,,ZNR,73418,Creature - Elf
85566,8.0878854,9093,11.700319,6999,0.49578511,0,,1024,0.48535156,1614,0.48389095,2409,0.48816936,2778,0.51547876,-0.02730940000000004,Tajuru Snarecaster,G,common,https://c1.scryfall.com/file/scryfall-cards/border_crop/front/e/1/e1894cf9-7d53-4b7e-aaae-8db42bdd8e49.jpg?1604199611,,ZNR,73419,Creature - Elf Rogue
20791,3.924727,4161,5.0199471,17655,0.52115548,0,,2474,0.5541633,3353,0.52579779,5522,0.53603767,6675,0.51370787,0.022329800000000066,Tangled Florahedron,G,uncommon,https://c1.scryfall.com/file/scryfall-cards/border_crop/front/2/3/235d1ffc-72aa-40a2-95dc-3f6a8d495061.jpg?1604199647,https://c1.scryfall.com/file/scryfall-cards/border_crop/back/2/3/235d1ffc-72aa-40a2-95dc-3f6a8d495061.jpg?1604199647,ZNR,73420,Creature - Elemental
21892,4.7111274,4408,6.1313521,15591,0.5198512,0,,2128,0.4981203,3724,0.54269603,5410,0.52754159,6130,0.51794454,0.009597049999999996,Taunting Arbormage,G,uncommon,https://c1.scryfall.com/file/scryfall-cards/border_crop/front/c/a/ca6f8996-bf72-4e55-944f-5b8202b6068c.jpg?1604199668,,ZNR,73422,Creature - Elf Wizard
55440,4.3715548,7417,6.1419711,23004,0.51595375,0,,4098,0.53587116,6305,0.51070579,8450,0.52295858,7911,0.50676274,0.01619583999999996,Territorial Scythecat,G,common,https://c1.scryfall.com/file/scryfall-cards/border_crop/front/5/e/5e0f725c-8d1f-47ff-ad81-a5007199a5e2.jpg?1604199693,,ZNR,73423,Creature - Cat
55440,4.3715548,7417,6.1419711,23004,0.51595375,0,,4098,0.53587116,6305,0.51070579,8450,0.52295858,7911,0.50676274,0.01619583999999996,Territorial Scythecat,G,common,https://c1.scryfall.com/file/scryfall-cards/border_crop/front/5/e/5e0f725c-8d1f-47ff-ad81-a5007199a5e2.jpg?1604199693,,ZNR,74679,Creature - Cat
78843,6.6692795,9790,9.5911134,21683,0.52681824,0,,2994,0.5243821,5737,0.55377375,7701,0.54577328,8403,0.51303106,0.032742220000000044,Turntimber Ascetic,G,common,https://c1.scryfall.com/file/scryfall-cards/border_crop/front/b/3/b33b6922-2584-43e1-98d4-e722e7c9393c.jpg?1604199713,,ZNR,73424,Creature - Giant Cleric
1377,2.0305011,584,2.0410959,2165,0.50069284,0,,310,0.48709677,514,0.51750973,742,0.50404313,872,0.52178899,-0.017745860000000002,Turntimber Symbiosis,G,mythic,https://c1.scryfall.com/file/scryfall-cards/border_crop/front/6/1/61bd69ea-1e9e-46b0-b1a1-ed7fdbe3deb6.jpg?1604199791,https://c1.scryfall.com/file/scryfall-cards/border_crop/back/6/1/61bd69ea-1e9e-46b0-b1a1-ed7fdbe3deb6.jpg?1604199791,ZNR,73425,Sorcery
25561,4.8338484,4445,6.567604,17697,0.52037068,0,,2405,0.52390852,3826,0.53763722,5603,0.53078708,6479,0.51736379,0.013423289999999977,Vastwood Fortification,G,uncommon,https://c1.scryfall.com/file/scryfall-cards/border_crop/front/3/a/3a7fd24e-84d8-405d-86e4-0571a9e23cc2.jpg?1604199835,https://c1.scryfall.com/file/scryfall-cards/border_crop/back/3/a/3a7fd24e-84d8-405d-86e4-0571a9e23cc2.jpg?1604199835,ZNR,73427,Instant
16904,3.7066966,3661,4.5725212,14363,0.50908585,0,,1892,0.48625793,3698,0.54461871,4976,0.51386656,5833,0.50917195,0.0046946099999999324,Vastwood Surge,G,uncommon,https://c1.scryfall.com/file/scryfall-cards/border_crop/front/6/9/6974363c-0d0d-4270-a25e-ab84b0c03f4e.jpg?1604199881,,ZNR,73429,Sorcery
18179,3.9918587,3202,5.1789507,10233,0.5193003,0,,1376,0.51671512,2766,0.54338395,3612,0.53266888,3968,0.51285282,0.019816060000000024,Veteran Adventurer,G,uncommon,https://c1.scryfall.com/file/scryfall-cards/border_crop/front/e/5/e524ddf0-9a2f-4c1c-ae72-4b5b48f55645.jpg?1604199897,,ZNR,73430,Creature - Human
16230,3.6676525,4751,4.175121,16647,0.53078633,0,,2862,0.5873515,4647,0.55455132,6364,0.5584538,6103,0.49844339,0.060010410000000014,Vine Gecko,G,uncommon,https://c1.scryfall.com/file/scryfall-cards/border_crop/front/7/a/7a6f9984-dec7-4a1f-91d6-1e85b5df5e4c.jpg?1604199944,,ZNR,73431,Creature - Elemental Lizard
4027,2.9332009,1355,2.9107011,4714,0.56491303,0,,633,0.61769352,857,0.56942824,1417,0.59068454,2262,0.55393457,0.03674997000000002,"Akiri, Fearless Voyager",WR,rare,https://c1.scryfall.com/file/scryfall-cards/border_crop/front/6/9/69e42511-f653-4a6f-a5d4-50e21dfc8077.jpg?1604199975,,ZNR,73432,Legendary Creature - Kor Warrior
21285,5.1407094,2736,7.1085526,5547,0.52713178,0,,908,0.58259912,1177,0.53271028,1813,0.5471594,1927,0.51530877,0.03185062999999999,Brushfire Elemental,RG,uncommon,https://c1.scryfall.com/file/scryfall-cards/border_crop/front/8/f/8fc448f6-a7fe-47c4-ac7c-385a77326469.jpg?1604199996,,ZNR,73433,Creature - Elemental
21285,5.1407094,2736,7.1085526,5547,0.52713178,0,,908,0.58259912,1177,0.53271028,1813,0.5471594,1927,0.51530877,0.03185062999999999,Brushfire Elemental,RG,uncommon,https://c1.scryfall.com/file/scryfall-cards/border_crop/front/8/f/8fc448f6-a7fe-47c4-ac7c-385a77326469.jpg?1604199996,,ZNR,74680,Creature - Elemental
14674,3.511517,4447,3.7090173,14848,0.55919989,0,,2589,0.64812669,4603,0.59070172,5646,0.60857244,5501,0.50808944,0.10048299999999999,Cleric of Life's Bond,WB,uncommon,https://c1.scryfall.com/file/scryfall-cards/border_crop/front/9/5/953db280-6999-4b91-bc40-c6e7f7dd13ef.jpg?1604200022,,ZNR,73434,Creature - Vampire Cleric
3314,2.460169,1106,2.4792043,3659,0.52637333,0,,467,0.59100642,848,0.56603774,1186,0.57419899,1499,0.49566378,0.07853520999999997,"Grakmaw, Skyclave Ravager",BG,rare,https://c1.scryfall.com/file/scryfall-cards/border_crop/front/b/d/bd227384-e0e3-40ce-98bb-8b7cf1900ad7.jpg?1604200053,,ZNR,73435,Legendary Creature - Hydra Horror
18307,4.3970612,4184,5.1546367,12471,0.57766017,0,,2307,0.63155613,3003,0.6020646,4564,0.61152498,5138,0.56033476,0.05119021999999995,Kargan Warleader,WR,uncommon,https://c1.scryfall.com/file/scryfall-cards/border_crop/front/6/f/6f921dca-ce93-42d1-87b1-149973558467.jpg?1604200083,,ZNR,73436,Creature - Human Warrior
6084,4.0506246,1274,4.9521193,3424,0.50992991,0,,481,0.51351351,812,0.49261084,1264,0.50632911,1309,0.50878533,-0.002456220000000009,"Kaza, Roil Chaser",UR,rare,https://c1.scryfall.com/file/scryfall-cards/border_crop/front/a/f/af6bc333-79c0-4de8-9874-80f2254f9ad2.jpg?1604200147,,ZNR,73437,Legendary Creature - Human Wizard
4001,2.8455386,1264,2.9525316,3683,0.53108879,0,,546,0.57509158,958,0.6085595,1418,0.59379408,1450,0.48482759,0.10896649000000003,"Linvala, Shield of Sea Gate",WU,rare,https://c1.scryfall.com/file/scryfall-cards/border_crop/front/4/9/49b66956-82e1-402f-9088-2201bdc0d4b8.jpg?1604200172,,ZNR,73438,Legendary Creature - Angel Wizard
20615,4.7707009,4697,5.7168405,13005,0.52841215,0,,2150,0.58046512,3976,0.56262575,5181,0.56668597,4693,0.49371404,0.07297192999999996,Lullmage's Familiar,UG,uncommon,https://c1.scryfall.com/file/scryfall-cards/border_crop/front/b/3/b31a81e8-df0e-4540-93c1-c30c31ea9be9.jpg?1604200204,,ZNR,73439,Creature - Beast
21033,4.9309656,3231,6.5744352,7376,0.50596529,0,,1190,0.51932773,2942,0.54826649,2608,0.52569018,2598,0.50384911,0.021841070000000018,Moss-Pit Skeleton,BG,uncommon,https://c1.scryfall.com/file/scryfall-cards/border_crop/front/9/5/95a445dc-3aea-4281-a145-0ab3a28ec6c6.jpg?1604200221,,ZNR,73440,Creature - Plant Skeleton
20181,4.7918339,2806,6.4561654,6029,0.53076795,0,,930,0.58387097,1321,0.54201363,1986,0.56193353,2159,0.50903196,0.052901570000000064,Murasa Rootgrazer,WG,uncommon,https://c1.scryfall.com/file/scryfall-cards/border_crop/front/e/7/e70b3b78-9bdc-449b-82a9-c2fc3dd7f120.jpg?1604200243,,ZNR,73441,Creature - Beast
1191,1.6884971,602,1.6146179,2273,0.55609327,0,,294,0.56802721,360,0.57222222,651,0.56989247,1026,0.55945419,0.010438280000000022,"Nahiri, Heir of the Ancients",WR,mythic,https://c1.scryfall.com/file/scryfall-cards/border_crop/front/4/0/408be425-b8a6-4c03-b2a6-7ff7bd6555e0.jpg?1604200270,,ZNR,73442,Legendary Planeswalker - Nahiri
1191,1.6884971,602,1.6146179,2273,0.55609327,0,,294,0.56802721,360,0.57222222,651,0.56989247,1026,0.55945419,0.010438280000000022,"Nahiri, Heir of the Ancients",WR,mythic,https://c1.scryfall.com/file/scryfall-cards/border_crop/front/4/0/408be425-b8a6-4c03-b2a6-7ff7bd6555e0.jpg?1604200270,,ZNR,74696,Legendary Planeswalker - Nahiri
1003,1.3888335,555,1.3063063,2041,0.48799608,0,,235,0.4893617,371,0.54447439,596,0.52013423,838,0.46420048,0.055933750000000004,Nissa of Shadowed Boughs,BG,mythic,https://c1.scryfall.com/file/scryfall-cards/border_crop/front/6/d/6d69f943-d474-47c0-bc6b-1b247a5dd6f3.jpg?1604200305,,ZNR,73443,Legendary Planeswalker - Nissa
1003,1.3888335,555,1.3063063,2041,0.48799608,0,,235,0.4893617,371,0.54447439,596,0.52013423,838,0.46420048,0.055933750000000004,Nissa of Shadowed Boughs,BG,mythic,https://c1.scryfall.com/file/scryfall-cards/border_crop/front/6/d/6d69f943-d474-47c0-bc6b-1b247a5dd6f3.jpg?1604200305,,ZNR,74697,Legendary Planeswalker - Nissa
2104,3.0798479,453,3.2428256,644,0.46118012,0,,73,0.45205479,152,0.58552632,221,0.53846154,252,0.39285714,0.14560440000000002,"Omnath, Locus of Creation",WURG,mythic,https://c1.scryfall.com/file/scryfall-cards/border_crop/front/4/e/4e4fb50c-a81f-44d3-93c5-fa9a0b37f617.jpg?1628801807,,ZNR,73444,Legendary Creature - Elemental
2104,3.0798479,453,3.2428256,644,0.46118012,0,,73,0.45205479,152,0.58552632,221,0.53846154,252,0.39285714,0.14560440000000002,"Omnath, Locus of Creation",WURG,mythic,https://c1.scryfall.com/file/scryfall-cards/border_crop/front/4/e/4e4fb50c-a81f-44d3-93c5-fa9a0b37f617.jpg?1628801807,,ZNR,74681,Legendary Creature - Elemental
3232,2.310953,1358,2.1303387,5373,0.55853341,0,,699,0.5851216,1323,0.6031746,1784,0.59529148,2205,0.52244898,0.07284250000000003,"Orah, Skyclave Hierophant",WB,rare,https://c1.scryfall.com/file/scryfall-cards/border_crop/front/2/3/2336c8bf-fcad-41f9-9041-80b8aa3cd79a.jpg?1604200370,,ZNR,73445,Legendary Creature - Kor Cleric
3232,2.310953,1358,2.1303387,5373,0.55853341,0,,699,0.5851216,1323,0.6031746,1784,0.59529148,2205,0.52244898,0.07284250000000003,"Orah, Skyclave Hierophant",WB,rare,https://c1.scryfall.com/file/scryfall-cards/border_crop/front/2/3/2336c8bf-fcad-41f9-9041-80b8aa3cd79a.jpg?1604200370,,ZNR,75910,Legendary Creature - Kor Cleric
2478,1.7271994,1464,1.6427596,6566,0.54477612,0,,821,0.61753959,1381,0.63504707,2120,0.62641509,2761,0.48859109,0.13782399999999995,"Phylath, World Sculptor",RG,rare,https://c1.scryfall.com/file/scryfall-cards/border_crop/front/e/7/e7af88c9-70ca-484c-bddf-b705e0ea7bc7.jpg?1604200396,,ZNR,73446,Legendary Creature - Elemental
2478,1.7271994,1464,1.6427596,6566,0.54477612,0,,821,0.61753959,1381,0.63504707,2120,0.62641509,2761,0.48859109,0.13782399999999995,"Phylath, World Sculptor",RG,rare,https://c1.scryfall.com/file/scryfall-cards/border_crop/front/e/7/e7af88c9-70ca-484c-bddf-b705e0ea7bc7.jpg?1604200396,,ZNR,74682,Legendary Creature - Elemental
26325,6.1489459,4808,7.9756656,10611,0.54971256,0,,1566,0.53001277,2265,0.53289183,3575,0.53678322,4729,0.57073377,-0.033950550000000024,Ravager's Mace,BR,uncommon,https://c1.scryfall.com/file/scryfall-cards/border_crop/front/a/f/af484140-57d6-4505-9960-5e7b0306cc9b.jpg?1604200419,,ZNR,73447,Artifact - Equipment
14802,3.5374949,4403,3.8114922,14050,0.56291815,0,,2565,0.66276803,4748,0.63774221,5884,0.6335826,5103,0.48736038,0.14622222,Soaring Thought-Thief,UB,uncommon,https://c1.scryfall.com/file/scryfall-cards/border_crop/front/0/d/0d73c9c4-8955-499f-8f87-6500b35b4977.jpg?1604200453,,ZNR,73448,Creature - Human Rogue
22236,5.0051268,4349,6.3587032,9374,0.53349691,0,,1507,0.54545455,3053,0.58467082,3762,0.56353004,3467,0.5085088,0.05502123999999997,Spoils of Adventure,WU,uncommon,https://c1.scryfall.com/file/scryfall-cards/border_crop/front/9/b/9b3b1ef0-a653-4adb-8112-82d4822446b4.jpg?1604200493,,ZNR,73449,Instant
21944,5.0852169,5473,5.8739265,14041,0.52588847,0,,2565,0.55282651,4979,0.55734083,6098,0.55231223,4630,0.49049676,0.061815469999999983,Umara Mystic,UR,uncommon,https://c1.scryfall.com/file/scryfall-cards/border_crop/front/f/b/fb979cfc-3e5b-42c9-b78d-584c274ed912.jpg?1604200545,,ZNR,73450,Creature - Merfolk Wizard
3541,2.4202203,1580,2.4,5907,0.52395463,0,,794,0.5440806,1521,0.5877712,2115,0.57399527,2479,0.49415087,0.07984439999999993,"Verazol, the Split Current",UG,rare,https://c1.scryfall.com/file/scryfall-cards/border_crop/front/7/5/752a2aa9-40ed-4c64-b945-bc6fec606b7b.jpg?1604200567,,ZNR,73451,Legendary Creature - Serpent
3628,2.7070011,950,2.9,2630,0.52661597,0,,333,0.56756757,515,0.57475728,810,0.58024691,1088,0.49264706,0.08759984999999992,"Yasharn, Implacable Earth",WG,rare,https://c1.scryfall.com/file/scryfall-cards/border_crop/front/1/2/12878fbd-dbe5-44bc-9f34-38fd374ec10a.jpg?1604200584,,ZNR,73452,Legendary Creature - Elemental Boar
2482,1.764303,1624,1.6373153,7522,0.57032704,0,,1026,0.65204678,1676,0.65393795,2503,0.6544147,3403,0.51454599,0.13986871,"Zagras, Thief of Heartbeats",BR,rare,https://c1.scryfall.com/file/scryfall-cards/border_crop/front/a/c/ac81448c-f87b-4ca1-b951-b359216ab1d0.jpg?1604200613,,ZNR,73453,Legendary Creature - Vampire Rogue
2566,1.8039751,1578,1.7072243,6855,0.5384391,0,,901,0.59378468,1716,0.58799534,2431,0.58535582,2877,0.4977407,0.08761511999999999,"Zareth San, the Trickster",UB,rare,https://c1.scryfall.com/file/scryfall-cards/border_crop/front/9/c/9cfe4fbe-277f-410c-9eee-f7617f4cb850.jpg?1604200662,,ZNR,73454,Legendary Creature - Merfolk Rogue
79802,6.598807,11486,9.4060596,25911,0.53513952,0,,3515,0.52375533,5385,0.52107707,8635,0.52449334,12082,0.55073663,-0.02624328999999992,Cliffhaven Kitesail,,common,https://c1.scryfall.com/file/scryfall-cards/border_crop/front/e/e/eebf8f67-49d0-42de-a5cc-ad13d19d2c55.jpg?1604200689,,ZNR,73455,Artifact - Equipment
2934,3.8974097,433,5.2286374,44,0.47727273,0,,1,0.0,6,0.5,7,0.42857143,8,0.25,0.17857142999999998,Forsaken Monument,,mythic,https://c1.scryfall.com/file/scryfall-cards/border_crop/front/3/3/33568871-dab0-4c09-b9f0-0ae78a46a06d.jpg?1604200741,,ZNR,73456,Legendary Artifact
1349,1.93106,558,1.8405018,2045,0.48312958,0,,252,0.43253968,406,0.43349754,644,0.43478261,831,0.52827918,-0.09349656999999995,Lithoform Engine,,mythic,https://c1.scryfall.com/file/scryfall-cards/border_crop/front/6/6/6683416a-5820-4cd0-b28a-60a53239e9ef.jpg?1604200767,,ZNR,73457,Legendary Artifact
2421,1.6484924,1652,1.6428571,8927,0.55147306,0,,1130,0.5699115,1881,0.54598618,2875,0.55721739,3852,0.53997923,0.017238160000000002,Myriad Construct,,rare,https://c1.scryfall.com/file/scryfall-cards/border_crop/front/d/b/db9b1de4-9aba-4145-804d-2072f258af3b.jpg?1604200790,,ZNR,73458,Artifact Creature - Construct
20601,4.5892432,6162,5.1858163,19370,0.53076923,0,,3394,0.5736594,5951,0.52730634,8231,0.54270441,7322,0.51857416,0.02413025000000002,Relic Amulet,,uncommon,https://c1.scryfall.com/file/scryfall-cards/border_crop/front/0/a/0ab97a84-fe8c-4986-afd8-3abdcc029f7f.jpg?1604200828,,ZNR,73459,Artifact
24350,5.1825873,4163,6.8640404,12731,0.56397769,0,,2055,0.56301703,2596,0.5431433,4382,0.55385669,5817,0.58019598,-0.026339289999999904,Relic Axe,,uncommon,https://c1.scryfall.com/file/scryfall-cards/border_crop/front/c/a/ca8705e3-0e44-45c9-bcdf-c24507b038fe.jpg?1604200848,,ZNR,73460,Artifact - Equipment
22496,4.8525071,3783,6.4834787,10220,0.54716243,0,,1593,0.55681105,3029,0.57312644,3917,0.56139903,3989,0.53321634,0.028182690000000066,Relic Golem,,uncommon,https://c1.scryfall.com/file/scryfall-cards/border_crop/front/0/b/0b59c75b-d8f8-4f95-9030-ed73c67d988e.jpg?1604200875,,ZNR,73461,Artifact Creature - Golem
22207,4.9836538,5401,5.8044807,14082,0.53479619,0,,2275,0.5010989,3558,0.5519955,5257,0.52919916,5762,0.54529677,-0.016097609999999984,Relic Vial,,uncommon,https://c1.scryfall.com/file/scryfall-cards/border_crop/front/4/b/4b9ae607-e0bc-4415-ad58-65944848bbe9.jpg?1604200900,,ZNR,73462,Artifact
77472,6.0849468,10287,8.9286478,25743,0.52942547,0,,3472,0.5187212,6597,0.52220706,8971,0.52446773,10782,0.53672788,-0.012260150000000025,Sea Gate Colossus,,common,https://c1.scryfall.com/file/scryfall-cards/border_crop/front/b/0/b04fd8e8-ee8d-4cb7-87ab-955303c46ece.jpg?1604346390,,ZNR,73463,Artifact Creature - Golem Warrior
5387,3.6432151,891,4.7957351,1837,0.46761023,0,,284,0.43661972,396,0.46717172,671,0.45603577,736,0.48641304,-0.030377270000000012,Skyclave Relic,,rare,https://c1.scryfall.com/file/scryfall-cards/border_crop/front/2/0/20259dff-4984-4d0b-aa49-34f3aaf31e3a.jpg?1604200970,,ZNR,73464,Artifact
78077,6.133189,11562,8.8461339,28361,0.50802158,0,,4116,0.47011662,7804,0.50986674,10134,0.50394711,10375,0.51787952,-0.013932410000000006,Skyclave Sentinel,,common,https://c1.scryfall.com/file/scryfall-cards/border_crop/front/f/a/fac8809a-77cd-4090-8a89-12121a8da676.jpg?1604201000,,ZNR,73465,Artifact Creature - Gargoyle
83783,7.3649547,9732,10.77949,10254,0.53696119,0,,1797,0.55203116,2337,0.5643988,3922,0.55838858,4761,0.53308129,0.025307289999999982,Spare Supplies,,common,https://c1.scryfall.com/file/scryfall-cards/border_crop/front/a/5/a53baf25-1782-427b-a9dd-fc9b8dc6444f.jpg?1604201030,,ZNR,73466,Artifact
58907,4.1508989,17182,5.3744616,67633,0.54193959,0,,12988,0.54650447,18534,0.52422575,27208,0.53822405,26851,0.54858292,-0.01035887000000002,Stonework Packbeast,,common,https://c1.scryfall.com/file/scryfall-cards/border_crop/front/a/2/a29e17ba-d584-4296-9f43-17467edaa25f.jpg?1604201060,,ZNR,73467,Artifact Creature - Beast
87358,8.3069438,8897,12.051253,4128,0.5251938,0,,457,0.54923414,710,0.49014085,1115,0.51838565,1521,0.54635108,-0.027965429999999958,Utility Knife,,common,https://c1.scryfall.com/file/scryfall-cards/border_crop/front/1/e/1e5c781d-cd89-4671-8fbe-fae82c33357b.jpg?1604201108,,ZNR,73468,Artifact - Equipment
28006,6.4626509,2613,10.112514,2457,0.51200651,0,,311,0.47588424,453,0.49448124,731,0.48426813,912,0.52741228,-0.04314414999999994,Base Camp,,uncommon,https://c1.scryfall.com/file/scryfall-cards/border_crop/front/d/c/dc85412e-333d-4e7d-8c85-40618cf1b6c2.jpg?1604201149,,ZNR,73469,Land
5364,3.410701,865,4.5560694,1819,0.50357339,0,,247,0.53846154,328,0.48780488,559,0.509839,726,0.50413223,0.005706770000000083,Branchloft Pathway,WG,rare,https://c1.scryfall.com/file/scryfall-cards/border_crop/front/0/5/0511e232-2a72-40f5-a400-4f7ebc442d17.jpg?1637022382,https://c1.scryfall.com/file/scryfall-cards/border_crop/back/0/5/0511e232-2a72-40f5-a400-4f7ebc442d17.jpg?1637022382,ZNR,73470,Land
5364,3.410701,865,4.5560694,1819,0.50357339,0,,247,0.53846154,328,0.48780488,559,0.509839,726,0.50413223,0.005706770000000083,Branchloft Pathway,WG,rare,https://c1.scryfall.com/file/scryfall-cards/border_crop/front/0/5/0511e232-2a72-40f5-a400-4f7ebc442d17.jpg?1637022382,https://c1.scryfall.com/file/scryfall-cards/border_crop/back/0/5/0511e232-2a72-40f5-a400-4f7ebc442d17.jpg?1637022382,ZNR,74683,Land
5073,3.2771536,880,4.2272727,2417,0.52089367,0,,333,0.52552553,427,0.52224824,750,0.52133333,953,0.51836306,0.0029702700000000526,Brightclimb Pathway,WB,rare,https://c1.scryfall.com/file/scryfall-cards/border_crop/front/d/2/d24c3d51-795d-4c01-a34a-3280fccd2d78.jpg?1637022391,https://c1.scryfall.com/file/scryfall-cards/border_crop/back/d/2/d24c3d51-795d-4c01-a34a-3280fccd2d78.jpg?1637022391,ZNR,73472,Land
5073,3.2771536,880,4.2272727,2417,0.52089367,0,,333,0.52552553,427,0.52224824,750,0.52133333,953,0.51836306,0.0029702700000000526,Brightclimb Pathway,WB,rare,https://c1.scryfall.com/file/scryfall-cards/border_crop/front/d/2/d24c3d51-795d-4c01-a34a-3280fccd2d78.jpg?1637022391,https://c1.scryfall.com/file/scryfall-cards/border_crop/back/d/2/d24c3d51-795d-4c01-a34a-3280fccd2d78.jpg?1637022391,ZNR,74685,Land
5295,3.3229462,1025,4.2078049,2827,0.53378139,0,,398,0.55527638,567,0.52910053,956,0.54079498,1135,0.52863436,0.012160620000000066,Clearwater Pathway,UB,rare,https://c1.scryfall.com/file/scryfall-cards/border_crop/front/b/4/b4b99ebb-0d54-4fe5-a495-979aaa564aa8.jpg?1637022400,https://c1.scryfall.com/file/scryfall-cards/border_crop/back/b/4/b4b99ebb-0d54-4fe5-a495-979aaa564aa8.jpg?1637022400,ZNR,73474,Land
5295,3.3229462,1025,4.2078049,2827,0.53378139,0,,398,0.55527638,567,0.52910053,956,0.54079498,1135,0.52863436,0.012160620000000066,Clearwater Pathway,UB,rare,https://c1.scryfall.com/file/scryfall-cards/border_crop/front/b/4/b4b99ebb-0d54-4fe5-a495-979aaa564aa8.jpg?1637022400,https://c1.scryfall.com/file/scryfall-cards/border_crop/back/b/4/b4b99ebb-0d54-4fe5-a495-979aaa564aa8.jpg?1637022400,ZNR,74687,Land
5500,3.5027273,951,4.6130389,2078,0.5,0,,260,0.53461538,408,0.53676471,641,0.53354134,834,0.48561151,0.04792982999999995,Cragcrown Pathway,RG,rare,https://c1.scryfall.com/file/scryfall-cards/border_crop/front/d/a/da57eb54-5199-4a56-95f7-f6ac432876b1.jpg?1637022407,https://c1.scryfall.com/file/scryfall-cards/border_crop/back/d/a/da57eb54-5199-4a56-95f7-f6ac432876b1.jpg?1637022407,ZNR,73476,Land
5500,3.5027273,951,4.6130389,2078,0.5,0,,260,0.53461538,408,0.53676471,641,0.53354134,834,0.48561151,0.04792982999999995,Cragcrown Pathway,RG,rare,https://c1.scryfall.com/file/scryfall-cards/border_crop/front/d/a/da57eb54-5199-4a56-95f7-f6ac432876b1.jpg?1637022407,https://c1.scryfall.com/file/scryfall-cards/border_crop/back/d/a/da57eb54-5199-4a56-95f7-f6ac432876b1.jpg?1637022407,ZNR,74689,Land
2731,1.9615525,1622,1.9278668,8664,0.54755309,0,,1152,0.55989583,1791,0.59352317,2935,0.58057922,3795,0.52279315,0.05778606999999991,Crawling Barrens,,rare,https://c1.scryfall.com/file/scryfall-cards/border_crop/front/7/b/7bd0e025-7a75-4641-a51a-27df9dcde05f.jpg?1604264359,,ZNR,73478,Land
5505,3.5197094,1038,4.5231214,2670,0.53932584,0,,400,0.56,450,0.47555556,814,0.51105651,1168,0.57534247,-0.06428596000000009,Needleverge Pathway,WR,rare,https://c1.scryfall.com/file/scryfall-cards/border_crop/front/6/5/6559047e-6ede-4815-a3a0-389062094f9d.jpg?1637022419,https://c1.scryfall.com/file/scryfall-cards/border_crop/back/6/5/6559047e-6ede-4815-a3a0-389062094f9d.jpg?1637022419,ZNR,73479,Land
5505,3.5197094,1038,4.5231214,2670,0.53932584,0,,400,0.56,450,0.47555556,814,0.51105651,1168,0.57534247,-0.06428596000000009,Needleverge Pathway,WR,rare,https://c1.scryfall.com/file/scryfall-cards/border_crop/front/6/5/6559047e-6ede-4815-a3a0-389062094f9d.jpg?1637022419,https://c1.scryfall.com/file/scryfall-cards/border_crop/back/6/5/6559047e-6ede-4815-a3a0-389062094f9d.jpg?1637022419,ZNR,74691,Land
5560,3.5163669,1114,4.6184919,2929,0.51041311,0,,425,0.51529412,648,0.51234568,1044,0.5105364,1145,0.49344978,0.017086619999999997,Riverglide Pathway,UR,rare,https://c1.scryfall.com/file/scryfall-cards/border_crop/front/2/6/2668ac91-6cda-4f81-a08d-4fc5f9cb35b2.jpg?1637022427,https://c1.scryfall.com/file/scryfall-cards/border_crop/back/2/6/2668ac91-6cda-4f81-a08d-4fc5f9cb35b2.jpg?1637022427,ZNR,73481,Land
5560,3.5163669,1114,4.6184919,2929,0.51041311,0,,425,0.51529412,648,0.51234568,1044,0.5105364,1145,0.49344978,0.017086619999999997,Riverglide Pathway,UR,rare,https://c1.scryfall.com/file/scryfall-cards/border_crop/front/2/6/2668ac91-6cda-4f81-a08d-4fc5f9cb35b2.jpg?1637022427,https://c1.scryfall.com/file/scryfall-cards/border_crop/back/2/6/2668ac91-6cda-4f81-a08d-4fc5f9cb35b2.jpg?1637022427,ZNR,74693,Land
7990,5.0436796,1139,7.1044776,1850,0.52054054,0,,255,0.52941176,429,0.49417249,678,0.50442478,759,0.52700922,-0.022584439999999928,Throne of Makindi,,rare,https://c1.scryfall.com/file/scryfall-cards/border_crop/front/d/5/d5a0563e-c83b-40df-abf6-51c83bf6792d.jpg?1604201723,,ZNR,73483,Land
154133,6.7584099,18674,9.5686516,44047,0.53624537,0,,8209,0.52418078,13596,0.51287143,19890,0.51955757,23891,0.54987234,-0.030314769999999935,Axgard Braggart,W,common,https://c1.scryfall.com/file/scryfall-cards/border_crop/front/4/d/4de5ff64-6fe7-4fc5-be27-cdbaa14545ab.jpg?1631045424,,KHM,1701,Creature - Dwarf Warrior
154133,6.7584099,18674,9.5686516,44047,0.53624537,0,,8209,0.52418078,13596,0.51287143,19890,0.51955757,23891,0.54987234,-0.030314769999999935,Axgard Braggart,W,common,https://c1.scryfall.com/file/scryfall-cards/border_crop/front/4/d/4de5ff64-6fe7-4fc5-be27-cdbaa14545ab.jpg?1631045424,,KHM,75036,Creature - Dwarf Warrior
44519,5.090905,8150,6.276319,31533,0.55329338,0,,6022,0.53537031,8794,0.52956561,13755,0.53311523,17603,0.5688235,-0.035708269999999986,Battershield Warrior,W,uncommon,https://c1.scryfall.com/file/scryfall-cards/border_crop/front/f/b/fb79dc85-f85a-4846-9ac3-c75c64ea9c0a.jpg?1631045455,,KHM,1702,Creature - Human Warrior
44519,5.090905,8150,6.276319,31533,0.55329338,0,,6022,0.53537031,8794,0.52956561,13755,0.53311523,17603,0.5688235,-0.035708269999999986,Battershield Warrior,W,uncommon,https://c1.scryfall.com/file/scryfall-cards/border_crop/front/f/b/fb79dc85-f85a-4846-9ac3-c75c64ea9c0a.jpg?1631045455,,KHM,75037,Creature - Human Warrior
137900,5.9402248,28337,7.1080919,85478,0.56974894,0,,24470,0.60249285,32702,0.54855972,47625,0.57507612,38958,0.56471071,0.01036541000000002,Battlefield Raptor,W,common,https://c1.scryfall.com/file/scryfall-cards/border_crop/front/3/8/389f0045-218d-41cd-bdca-8a9a0ab1b31b.jpg?1631045484,,KHM,1703,Creature - Bird
137900,5.9402248,28337,7.1080919,85478,0.56974894,0,,24470,0.60249285,32702,0.54855972,47625,0.57507612,38958,0.56471071,0.01036541000000002,Battlefield Raptor,W,common,https://c1.scryfall.com/file/scryfall-cards/border_crop/front/3/8/389f0045-218d-41cd-bdca-8a9a0ab1b31b.jpg?1631045484,,KHM,75038,Creature - Bird
149770,6.3133271,27230,7.9764231,88073,0.56312377,0,,23418,0.56567598,31923,0.54731698,46980,0.55764155,41992,0.56951324,-0.01187168999999999,Beskir Shieldmate,W,common,https://c1.scryfall.com/file/scryfall-cards/border_crop/front/d/f/dfc1df84-9c47-444b-9d58-d9c7bed51c66.jpg?1631045508,,KHM,1704,Creature - Human Warrior
149770,6.3133271,27230,7.9764231,88073,0.56312377,0,,23418,0.56567598,31923,0.54731698,46980,0.55764155,41992,0.56951324,-0.01187168999999999,Beskir Shieldmate,W,common,https://c1.scryfall.com/file/scryfall-cards/border_crop/front/d/f/dfc1df84-9c47-444b-9d58-d9c7bed51c66.jpg?1631045508,,KHM,75039,Creature - Human Warrior
90352,3.6024106,25788,4.2590352,101796,0.55580769,0,,23324,0.54334591,38211,0.56507288,53450,0.55818522,48583,0.55253895,0.005646270000000064,Bound in Gold,W,common,https://c1.scryfall.com/file/scryfall-cards/border_crop/front/0/7/074d526a-1eef-4045-bd38-f6d68c4bc4b9.jpg?1631045534,,KHM,1705,Enchantment - Aura
